3416 5306
1180 491 1215 548 43

187 621 373 684 Tonsireinum
395 623 452 697 (46)
471 622 665 708 Tonstreinus
688 641 705 679 a
725 620 887 679 tondendo:
910 640 970 681 vox
989 623 1117 697 plebeia:
1136 623 1216 682 idem

153 742 189 780 ao
208 729 320 780 tonsor.
338 743 356 778 e
368 721 528 778 Tonstrina
537 741 554 775 »
567 727 614 779 est
625 721 657 778 in
668 721 766 777 Plaut.
776 720 862 795 Epid.
877 737 901 776 11
914 721 933 777 2
948 722 996 780 13:
1008 703 1087 796 «pei
1100 741 1217 780 omnem

149 821 256 878 urbem
275 839 363 895 quem
381 838 447 877 sum
472 820 608 877 defessus
632 837 781 893 quaerere,
805 838 859 893 per
881 819 1051 893 medicinas,
1074 838 1128 895 per
1150 826 1215 878 ton-

152 920 272 991 strinas,
291 919 324 976 in
341 919 514 992 gymnasiis,
534 926 623 991 atque
642 919 673 974 in
690 917 756 974 foro
769 937 794 990 ›,
813 923 845 975 et
862 918 983 992 passim.
996 917 1129 975 Adnotct
1141 918 1217 975 Bue-

152 1018 264 1074 cheler:
291 1035 389 1074 «cum
413 1035 450 1074 ex
475 1036 537 1091 cep.
562 1017 598 1072 64
622 1016 802 1073 tonstrinum
825 1016 969 1090 appellari
992 1015 1140 1073 medicum
1161 1034 1217 1090 ep-

150 1121 267 1190 pareat,
276 1116 445 1172 scaenicum
455 1116 599 1172 artificem
608 1115 810 1187 intelligemus
817 1135 843 1172 r.
853 1114 911 1171 Sed
919 1113 1218 1189 prayemescioenim

152 1215 235 1271 unde
254 1213 454 1270 tonstreinum
471 1214 551 1270 hunc
569 1214 691 1270 ductum
709 1213 873 1271 Buecheler
884 1218 979 1286 putet.
993 1209 1165 1270 Senonicum
1177 1232 1220 1270 ar-

153 1313 283 1368 tificium
301 1329 333 1369 se
349 1312 496 1383 didicisse,
510 1311 752 1385 ipse‘Plocrimus
769 1311 830 1368 iam
848 1311 965 1368 dixerat
983 1312 1218 1386 conceptissimis

152 1410 271 1470 verbis:
289 1430 309 1466 ‹
321 1429 389 1466 cum
407 1428 504 1468 essem
523 1410 772 1482 adulescentulus,
786 1410 932 1467 cantando
944 1428 1039 1484 peene
1050 1409 1218 1484 phthisicus

153 1507 255 1564 factus
276 1527 377 1566 sum.»
398 1507 476 1574 Quid
495 1509 643 1576 attinebat
660 1508 815 1581 repetere?
832 1509 908 1565 Mihi
919 1509 1039 1566 videtur
1049 1508 1150 1584 potius
1162 1508 1219 1565 hoc

154 1624 222 1680 cap.
243 1607 278 1662 64
295 1606 484 1675 tonstrinum,
503 1608 603 1663 cultus
623 1606 846 1680 ornamentique
864 1625 976 1680 curem,
997 1625 1073 1680 quae
1095 1607 1133 1664 ad
1154 1611 1218 1664 ton·

156 1722 256 1761 sorem
273 1704 411 1779 pertinet,
430 1705 606 1778 significare.
1089 1697 1091 1702 ’

193 1859 368 1916 Tretatieium
389 1857 475 1932 (108).
495 1857 655 1913 Ludicrum
682 1856 816 1925 (Gnoss.)
836 1858 925 1930 Apud
943 1857 1034 1915 (iioer.
1053 1857 1116 1914 Att.
1131 1873 1150 1914 v
1168 1859 1219 1914 21:
1301 1898 1303 1902 ·

155 1975 175 2010 ‹
195 1973 263 2012 cum
286 1973 341 2028 ego
365 1955 397 2012 in
423 1955 519 2012 edicto
541 1955 690 2012 tralaticio
714 1955 891 2014 centesimas
917 1975 965 2012 me
990 1956 1219 2014 observaturum
1266 1970 1267 1975 ’

153 2047 339 2146 haberem»⁸
357 2059 389 2110 et
405 2053 526 2128 passim.

193 2206 409 2264 tricliniarches
428 2206 497 2280 (22).
516 2204 630 2263 Graeca
642 2223 716 2264 vox:
735 2207 944 2282 τρικλινιάρχης,
958 2223 1064 2266 servus
1083 2207 1220 2266 convivio

153 2303 355 2378 praepositus,
381 2305 431 2360 cui
458 2304 581 2362 ornandi
608 2303 729 2362 triclinii
754 2323 825 2362 cura
846 2304 998 2363 incumbit.
1026 2306 1063 2362 Iu
1087 2305 1220 2380 inscript.

154 2421 204 2476 ap.
225 2399 343 2458 Gruter.
361 2412 502 2488 ncxxum
519 2419 539 2475 1,
558 2403 678 2477 passim,
698 2409 728 2460 et
746 2403 826 2478 apud
843 2405 985 2462 Murator.
1004 2419 1117 2464 cmxxxv
1134 2421 1155 2464 1.

194 2555 366 2614 Tr⁷siimcnio
379 2555 447 2629 (63).
466 2555 696 2626 Tristimonium,
721 2556 752 2612 id
774 2556 969 2613 esttristitia:
989 2557 1067 2629 epud
1088 2557 1166 2614 Hirt.
1187 2557 1221 2616 B.

156 2653 225 2709 Adr.
241 2652 290 2708 10:
308 2671 443 2726 «magno
461 2660 545 2710 metu
562 2672 597 2710 ac
615 2654 803 2712 tristimonio.
829 2654 877 2712 Sic
894 2654 1095 2712 «alimonium
1108 2675 1130 2728 »A
1143 2655 1222 2728 apud

155 2751 254 2808 Tacit.
266 2795 269 2800 ,
279 2751 384 2809 Annel.
403 2767 444 2808 x1.

194 2905 314 2974 tropica
333 2903 392 2976 (88)
411 2903 630 2960 conversiones:
650 2907 780 2979 acptum.

665 3247 725 3295 U

194 3431 332 3488 urceatim
352 3429 419 3503 (44).
449 3430 549 3487 Ptenis
574 3431 680 3493 urceis.
708 3394 755 3488 Sic
783 3430 862 3505 apud
887 3431 1004 3506 Apulei.
1031 3431 1152 3490 Metam.
1178 3447 1225 3489 iv:

155 3548 174 3585 ι
194 3527 356 3586 fistulatim
374 3547 392 3584 ›
410 3546 429 3583 a
446 3527 556 3585 fistula.
658 3566 662 3574 ‚
1075 3524 1077 3534 ’

671 3880 729 3925 V

196 4065 317 4123 Vaccula
329 4061 398 4136 (14).
408 4055 571 4120 Vesculum
589 4062 805 4120 deminutivum
816 4050 1055 4152 ,vesistadem
1073 4063 1227 4138 significa-

158 4163 245 4221 tione
266 4167 314 4218 est
331 4161 410 4234 apud
428 4163 526 4219 Pleut.
545 4163 635 4219 Poen.
654 4177 686 4221 iv
704 4164 721 4218 2
739 4153 794 4220 40'2·
811 4182 829 4219 ‹
841 4165 938 4220 refero
957 4181 1031 4222 vasa
1049 4163 1141 4235 selva,
1159 4183 1177 4218 ›
1198 4169 1228 4220 et

157 4262 192 4321 in
210 4259 313 4334 Priap.
331 4274 407 4316 cxx:
427 4259 582 4332 «grandia
600 4259 732 4318 Dulichii
751 4278 825 4318 vase
843 4259 956 4334 petisse
973 4260 1038 4321 viri.
1049 4280 1067 4317 ›
