3416 5306
455 461 490 520 42

488 596 639 666 Supplllare
653 593 863 668 (128).Sugu10
876 598 907 650 et
920 592 1051 666 suggillo
1066 591 1145 650 idem
1155 596 1204 648 est
1214 609 1248 646 ac
1258 590 1419 648 contundo:
1431 595 1516 648 tran-

454 694 530 750 slate
549 689 727 750 contumelia
737 691 839 749 afficio
849 693 938 766 Apud
949 691 1014 749 Vel.
1024 691 1102 748 Max.
1113 705 1149 746 111
1161 693 1193 749 2:
1203 711 1221 745 ‹
1231 691 1374 764 sugillare
1391 689 1521 747 crudeli-

452 796 546 848 tatem
564 790 727 863 alicuius»
745 796 776 847 et
800 790 921 864 passim.
938 789 1038 846 Etiam
1064 790 1192 848 occurrit
1211 788 1290 865 apud
1308 789 1382 847 alios
1400 788 1520 846 mediae

452 889 611 946 latinitatis
631 889 800 963 scriptores.

489 1041 585 1099 Susum
606 1040 898 1114 (inrumperint
924 1046 1009 1114 parta
1028 1038 1158 1096 aedium:
1177 1039 1257 1096 idem
1280 1039 1359 1112 quod
1383 1053 1520 1096 sursum:

456 1121 647 1196 archaismus.
674 1141 713 1195 Et
740 1139 891 1196 invenitur
909 1138 988 1212 apud
1013 1139 1136 1195 Varron.
1155 1157 1178 1195 r.
1203 1157 1227 1195 r.
1246 1141 1276 1194 6:
1305 1157 1322 1192 ι
1340 1137 1391 1210 qui
1414 1138 1521 1194 colunt

452 1237 599 1310 deorsum,
621 1237 717 1310 magis
737 1243 852 1294 aestate
873 1238 1018 1310 laborant,
1040 1237 1091 1310 qui
1117 1254 1229 1305 susum,
1247 1237 1343 1308 magis
1363 1237 1470 1310 hyeme
1489 1255 1519 1308 ν,

454 1340 485 1392 et
498 1335 576 1409 apud
595 1335 678 1392 alios.
697 1335 808 1392 'Pamen
828 1340 928 1392 exstat
946 1334 1025 1410 apud
1037 1335 1152 1391 madiae
1172 1342 1202 1390 et
1218 1335 1338 1392 infimae
1356 1334 1520 1391 latinitatis

455 1433 624 1508 scriptores.
643 1433 703 1490 Ofr.
730 1433 928 1489 Commodian.
947 1451 1081 1490 <susum
1098 1432 1295 1506 intendentes
1319 1449 1435 1506 semper
1453 1433 1521 1489 Deo

453 1519 568 1588 summo
581 1531 689 1604 devoti,
701 1552 718 1587 ›
730 1532 866 1589 Lactant.
886 1533 922 1589 do
935 1540 1020 1589 mort.
1038 1537 1186 1606 persecut.
1214 1532 1263 1588 19:
1276 1551 1293 1586 ‹
1303 1530 1520 1588 Constantinus

454 1629 575 1687 astabat
593 1648 731 1703 susum»,
751 1636 782 1700 et
800 1630 878 1688 alibi.

488 1784 621 1853 synoecio
641 1783 709 1857 (98).
727 1783 904 1857 Synoacium
921 1783 1085 1841 vocabatur
1103 1781 1304 1839 aedicularum
1317 1780 1472 1854 congeries
1485 1780 1525 1836 in

456 1880 559 1938 eadem
568 1881 654 1938 domo
665 1883 897 1956 coniuncturum,
906 1900 981 1956 quae
991 1880 1324 1956 singulatiminquilinis
1334 1880 1522 1938 locabantur.

457 1977 571 2039 Graeca
582 1997 656 2039 vox:
675 1982 815 2038 συνοίκων.
856 1991 860 1998 ’

960 2267 1014 2312 Τ

492 2419 674 2518 terraconae
681 2445 749 2519 (34).
759 2446 787 2501 A
796 2461 903 2517 graeco
913 2447 1024 2518 τέγγειν,
1034 2441 1148 2500 bibere:
1157 2444 1326 2517 τεγγόμενος,
1335 2463 1365 2516 η,
1376 2461 1413 2508 ον,
1423 2440 1527 2498 adiec-

456 2547 553 2605 tivum
576 2546 679 2602 eadem
691 2545 861 2617 acceptione
880 2562 915 2600 ac
927 2563 945 2598 e
957 2523 1077 2600 servilia
1086 2562 1104 2597 a
1116 2543 1191 2615 (cap.
1202 2543 1266 2616 107)
1277 2542 1393 2615 aliaque
1406 2541 1527 2598 adhibi-

456 2652 534 2702 tum:
562 2663 609 2703 res
628 2642 863 2702 subaudiendum
881 2642 1014 2713 videtur;
1039 2642 1096 2697 hoc
1121 2647 1182 2698 est:
1200 2640 1345 2697 faciamus
1370 2657 1419 2697 res
1443 2658 1527 2714 quae

459 2744 538 2802 inter
555 2745 662 2818 pocula
680 2742 745 2799 fieri
763 2742 868 2799 solent.

477 2849 643 2930 'vestiarius
664 2867 733 2941 (45).
752 2867 907 2923 crassata
925 2865 976 2940 qur
994 2865 1180 2937 succedebat,
1198 2863 1345 2936 iugulatis
1365 2863 1432 2920 aurs
1449 2863 1526 2920 cuo.

457 2970 523 3042 bus,
543 2974 573 3026 et
590 2973 660 3041 post
676 2984 809 3044 pugnam
832 2965 957 3020 duorum
982 2982 1048 3019 cum
1071 2964 1185 3035 victore
1210 2961 1466 3034 congrediebatur.
1483 2963 1528 3019 In

459 3065 812 3139 Gloss..graeco·latinis:
831 3064 952 3138 ἔφεδρος,
970 3062 1131 3135 tertiariae,
1151 3067 1313 3135 superstes.

493 3194 675 3252 leaticulavit
694 3190 753 3264 (38)
773 3191 878 3263 Inepte
896 3187 1060 3244 Buecheler
1079 3187 1110 3244 in
1129 3187 1173 3243 ed.
1199 3186 1266 3243 mai.
1286 3188 1397 3244 culavit
1416 3205 1433 3242 a
1452 3186 1527 3244 culo

459 3290 626 3347 derivatum
636 3288 770 3346 coniecit.
779 3287 921 3345 Activum
933 3287 1058 3342 verbum
1070 3304 1123 3359 pro
1137 3285 1301 3359 deponente
1315 3282 1464 3341 interdum
1476 3296 1528 3342 oc·

458 3389 550 3445 currit
562 3388 593 3444 in
606 3387 716 3459 satiris,
728 3392 763 3444 ut
774 3405 793 3440 ‹<
805 3385 1002 3443 exhortavit»
1017 3384 1092 3458 (cap.
1114 3385 1170 3457 76).
1189 3384 1247 3439 Hic
1260 3386 1429 3441 testiculare
1441 3384 1527 3456 quod

459 3490 624 3546 testiculari
643 3485 721 3559 apud
738 3486 863 3542 Festum
881 3503 899 3540 a
916 3484 1011 3540 Paulo
1030 3483 1166 3540 citatum:
1186 3481 1382 3540 ‹testiculari
1405 3487 1452 3538 est
1472 3481 1528 3538 iu-

351 3622 354 3628 ·
455 3587 567 3654 mentis
586 3585 717 3643 maribus
732 3584 867 3657 feminas,
886 3584 936 3642 vel
953 3601 1050 3640 mares
1069 3583 1187 3640 feminis
1207 3583 1403 3639 admovere.»

492 3712 651 3772 Thraeclum
673 3709 740 3788 (75).
758 3711 814 3766 Est
839 3715 990 3766 armatura
1017 3708 1173 3766 Thraecis:
1198 3709 1428 3764 instrumentum
1452 3705 1528 3762 sub-

459 3809 556 3868 audio.
566 3809 622 3866 His
635 3807 790 3866 adjectivis
803 3808 915 3865 rustice
925 3807 1121 3865 substantivis
1135 3806 1339 3864 communibus
1352 3803 1529 3862 carentibus

459 3909 531 3981 suis,
551 3926 649 3982 saepe,
667 3907 780 3964 utiam
798 3907 936 3979 vidimus,
955 3906 1114 3963 Petronius
1132 3910 1235 3961 noster
1252 3921 1326 3960 usus
1350 3907 1406 3960 ast.

495 4036 616 4106 Topanta
641 4034 710 4109 (37).
736 4033 849 4100 Graeca
873 4050 945 4118 vox:
964 4036 993 4088 τὸ
1012 4034 1106 4088 πάντα.
1126 4028 1216 4121 Apud
1224 4030 1336 4087 Auson.
1356 4029 1438 4085 (irat.
1453 4029 1529 4089 Act.

459 4155 478 4189 ‹
490 4151 569 4191 unus
588 4133 659 4190 mihi
679 4131 777 4191 omnia
791 4130 988 4189 Gratianus.»
1006 4131 1054 4188 Sic
1066 4129 1157 4187 etiam
1170 4128 1249 4202 apud
1260 4145 1385 4200 graecos
1398 4125 1533 4202 scripto·

460 4232 552 4292 ribus
569 4232 659 4308 Apud
676 4231 846 4307 Alciphron.
860 4245 884 4288 11
901 4230 933 4288 3:
952 4231 1035 4305 «ἐγὼ
1054 4233 1106 4303 γὰρ
1126 4227 1210 4302 αὐτῆς
1230 4230 1283 4302 ειμὶ
1301 4230 1394 4285 πάντα.
1407 4246 1425 4283 >
