3416 5306
735 1937 779 2002 .1·
818 1948 821 1956 “

277 2165 352 2233 Non
368 2165 509 2232 eruditis
525 2165 688 2251 omnibus,
710 2168 769 2254 qui
785 2167 874 2234 claro
898 2169 1032 2254 ingenio
1048 2170 1196 2236 Petronii
1219 2167 1295 2236 reli·

233 2283 330 2370 quies
357 2281 620 2367 illustraverunt,
648 2285 826 2350 satirarum
859 2307 966 2350 sermo
1000 2306 1104 2372 aeque
1130 2283 1295 2352 mirabilis

233 2399 324 2464 visus
340 2407 398 2464 est.
412 2397 519 2464 Alteri
536 2398 758 2464 barbarismos
774 2408 808 2465 et
823 2400 1008 2465 idiotismos
1024 2399 1294 2485 fragmentorum,

232 2523 269 2580 ut
285 2514 408 2580 latinae
425 2514 631 2600 eloquentiae
647 2536 764 2602 parum
780 2526 1006 2601 congruentes,
1023 2516 1295 2601 diffamaverunt3

234 2629 330 2695 alteri
354 2632 496 2695 nitorem
512 2640 546 2695 et
568 2631 766 2716 elegantiam
789 2634 1002 2718 petronianae
1027 2634 1185 2698 orationis
1208 2655 1294 2699 oom-

234 2747 479 2812 mendaverunt
501 2749 638 2813 summis
661 2747 825 2813 laudibus.
1214 2741 1217 2750 ’

277 2862 469 2930 Acerrimas
493 2845 649 2947 omnium,
674 2864 866 2929 Hadrianus
891 2863 1045 2931 Valesius
1068 2866 1103 2930 in
1128 2861 1294 2932 dissertat.

235 2979 277 3046 de
301 3001 382 3046 cena
410 2979 565 3045 Trimalo.
590 2958 675 3067 quae
703 2982 737 3044 in
766 2981 949 3066 fragmento
976 2981 1176 3067 traguriensi
1203 2982 1294 3048 inve·
1381 3028 1385 3042 ,

232 3096 372 3161 niuntur
403 3106 549 3162 monstra
577 3097 745 3180 sermonis,
769 3085 1018 3162 inconsiderate
1034 3099 1212 3182 vituperat,
1236 3120 1296 3164 ne-

232 3221 355 3299 gatque
371 3220 441 3277 tam
457 3213 625 3298 exquisito
641 3212 793 3298 scriptori
811 3221 878 3277 tam
893 3212 1084 3278 mendosam
1098 3215 1297 3301 scripturam

233 3349 304 3394 esse
331 3327 596 3393 adiudicandum.
629 3329 815 3410 Petronius,
851 3337 888 3393 ut
917 3327 971 3394 ille
1004 3329 1156 3413 affirmat,
1183 3329 1297 3399 verbis

232 3444 340 3509 utitur
354 3443 500 3508 usitatis.
516 3443 563 3508 At
577 3441 633 3508 hic
645 3452 822 3509 occurrunt
838 3453 990 3530 portenta
1001 3443 1190 3530 verborum,
1207 3466 1293 3533 quae

231 3559 261 3624 si
285 3559 359 3646 quis
382 3560 536 3624 Petronio
560 3551 707 3624 tribuere
730 3568 847 3645 potest,
871 3560 1065 3627 Petronium
1088 3570 1123 3627 et
1144 3559 1298 3654 linguam

235 3674 374 3740 latinam
396 3677 505 3740 minus
528 3676 633 3740 novit.

279 3790 413 3858 Valesio
443 3799 566 3876 tamen,
588 3792 646 3879 qui
669 3814 769 3858 cenae
797 3793 928 3877 editori,
957 3802 995 3859 ut
1025 3794 1141 3860 iuveni
1173 3794 1297 3879 ignoto,

233 3906 332 3974 fidem
354 3929 420 3973 non
443 3930 514 3972 esee
541 3906 766 3976 adhibendam
793 3907 960 3994 censebat,
983 3909 1120 3995 eiusque
1150 3910 1294 3995 pugnaci

234 4022 332 4108 socie,
366 4021 573 4089 Christoloro
603 4022 840 4108 Wagenseilio,
877 4025 936 4111 qui
965 4025 1066 4091 multo
1102 4025 1296 4090 insolentius

236 4159 347 4224 agens,
378 4139 477 4226 'cenae
507 4137 729 4228 fragmentum
760 4141 864 4224 inepti
898 4140 1039 4206 alicuius
1069 4140 1298 4206 homuncionis

235 4277 305 4322 esse
321 4253 472 4324 abortum
492 4253 635 4340 iurabat,
650 4251 800 4322 Marinus
820 4255 974 4322 Statilius
989 4257 1120 4324 fervida
1135 4255 1298 4348 docteque
