3416 5306
1264 431 1300 488 29

272 563 361 633 lpslnl
388 562 457 636 (63).
480 557 618 636 Ipsir'nrrs,
643 558 690 619 est
713 562 859 635 dominus,
883 568 918 619 ut
947 563 1106 636 diligenter
1135 563 1300 624 illustravit

235 641 400 717 Buecheler
419 660 460 732 (in
479 666 539 716 not.
550 659 621 718 edit.
630 661 718 734 mai):
737 682 755 717 a
766 664 902 734 ipsumus
920 663 970 720 vel
987 665 1114 734 ipsimae
1132 667 1163 719 et
1179 665 1300 734 tpsuma

236 759 327 816 etiam
343 760 376 816 in
392 758 609 831 posterioribus
637 759 774 816 dominus
794 766 825 816 ct
844 759 962 816 domina
978 767 1132 818 vocantur.
1153 749 1294 818 Plautina

236 874 325 914 serva
345 857 377 912 in
395 855 503 913 Casina
520 873 552 914 1v
569 859 587 914 2
606 858 652 912 11;
667 875 723 929 ego
743 876 777 915 eo
797 875 854 930 quo
873 877 921 915 me
939 861 1008 931 ipso
1026 859 1118 931 misit,
1129 858 1161 914 id
1179 864 1226 938 est
1246 859 1298 915 do-

235 955 324 1028 mina,
344 956 423 1028 ἀυτή.
439 953 574 1011 Catullus
593 956 629 1011 dc
647 935 784 1028 passere:
811 974 896 1012 suam
913 963 1000 1013 norat
1017 957 1113 1031 ipsam
1137 962 1200 1014 tam
1224 957 1299 1014 bene

235 1072 323 1126 quam
345 1055 448 1126 puella
465 1060 598 1126 matrem,
623 1053 704 1110 idem
720 1055 757 1111 de
779 1054 892 1112 deliciis
918 1054 996 1112 suis:
1019 1074 1087 1112 mea
1111 1055 1206 1126 dulcis
1224 1058 1301 1128 Ipsi·

236 1154 312 1208 tilla.
331 1151 406 1208 Cum
425 1152 591 1224 antiquitus
609 1154 673 1226 ipse
690 1155 872 1227 pyrrichium
891 1161 1051 1228 aequasset
1058 1172 1083 1226 p
1095 1155 1197 1212 littera
1211 1154 1255 1211 sio
1266 1160 1301 1210 ut

234 1251 268 1306 in
277 1252 429 1322 uoluptate
438 1258 582 1325 correpta,
594 1258 663 1325 post
673 1253 877 1310 adsimilantes
887 1255 944 1310 lesa
956 1253 1188 1326 pronuntiabant
1197 1253 1299 1326 vulgo.

236 1349 278 1404 nt
295 1349 454 1422 Augustus
474 1349 592 1422 quidem
610 1351 785 1408 tradebatur
802 1352 903 1424 legato
929 1352 1079 1410 consulari
1097 1369 1300 1409 successorem

235 1447 373 1504 dedisse:
386 1453 421 1503 ut
438 1449 507 1504 rudi
524 1455 555 1504 et
573 1449 701 1521 indocto,
720 1451 806 1507 ouius
824 1469 915 1507 manu
932 1453 986 1508 issi
1005 1454 1075 1521 (non
1089 1453 1143 1522 ioci)
1167 1433 1302 1522 pro'ipsl

238 1546 385 1618 scriptum
403 1547 673 1619 animadvertisset,
695 1547 726 1604 id
744 1549 823 1620 quod
840 1549 1005 1606 mirabatur
1030 1548 1189 1605 Suetonius
1210 1547 1301 1622 (Aug.

235 1645 295 1718 88).
317 1645 375 1702 Sed
392 1645 527 1718 proximo
546 1647 666 1702 saeculo
685 1647 791 1703 doctas
809 1645 957 1704 Martialis
976 1647 1073 1704 1109:
1099 1649 1167 1704 Issa
1180 1653 1227 1703 est
1248 1645 1299 1702 de-

236 1742 361 1799 deliciae
387 1745 495 1800 catella
512 1745 608 1816 Publi,
634 1749 664 1801 et
683 1747 813 1818 compari
831 1764 904 1802 sono
922 1747 1089 1803 delectatus
1110 1749 1231 1818 argute:
1256 1749 1300 1799 ta-

236 1841 316 1898 bella
333 1841 364 1898 in
383 1860 442 1915 qua
460 1848 522 1899 tam
541 1843 668 1901 similem
685 1844 804 1901 videbis
817 1845 911 1902 issam
932 1851 966 1901 ut
986 1845 1025 1901 sit
1043 1850 1106 1900 tam
1125 1843 1230 1900 similis
1242 1841 1301 1899 sibi

233 1958 292 1996 noc
317 1943 395 2012 ipsa,
418 1941 509 1998 idest
530 1943 601 1999 issu
619 1943 667 1998 Ibi
685 1942 736 2016 qui
754 1944 871 1999 codices
890 1947 958 2016 ipsa
977 1949 1008 2000 et
1025 1947 1088 2002 issa
1107 1941 1299 2014 confundunt,

170 2079 173 2082 ·
235 2037 328 2094 medii
350 2039 417 2096 aevi
444 2041 553 2096 malam
581 2040 779 2097 elocutionem
807 2045 957 2098 secuntur.
980 2041 1064 2096 Ollae
1093 2040 1300 2113 cineribusque

237 2137 356 2210 puellae
382 2137 560 2210 inscriptum
582 2144 640 2194 est:
655 2141 717 2197 issa
729 2139 816 2212 haue,
835 2148 871 2195 ut
890 2139 957 2196 aliis
976 2140 1188 2196 monumentis:
1202 2139 1301 2196 anima

235 2234 417 2308 dulcissima,
431 2237 493 2293 vel:
504 2236 685 2293 suauissima
702 2237 794 2309 hanc;
807 2237 838 2292 in
855 2238 949 2294 muris
963 2237 1152 2314 Pompeianis
1170 2237 1299 2310 legitur:
1412 2256 1414 2260 ·

234 2323 321 2406 Euge
331 2337 403 2407 issa,
413 2340 456 2391 et:
468 2335 612 2408 Aprodite
621 2339 695 2405 issa‘
705 2337 846 2392 Claudiae
855 2336 933 2393 Gelli
942 2343 974 2392 et
981 2337 1119 2392 Fuluius:
1130 2339 1208 2394 brae
1219 2353 1301 2408 suae,

236 2432 353 2504 Aponio
371 2434 492 2492 trimulo
510 2435 620 2491 infanti
631 2436 756 2492 Flauius
770 2420 800 2492 et
812 2435 951 2508 Apronia‚
963 2439 1056 2492 issulo
1070 2440 1100 2490 et
1113 2421 1218 2490 delicio
1232 2452 1302 2491 suo:

235 2531 374 2589 fecerunt
391 2533 522 2590 titulum.
541 2537 608 2591 Non
625 2535 734 2590 mirum
752 2532 899 2590 deflexum
913 2554 930 2590 a
942 2535 1110 2608 reverentia
1122 2533 1301 2592 vccabulum

237 2646 305 2686 esse
323 2629 361 2685 ad
379 2630 542 2688 blanditias
559 2649 655 2705 neque
675 2639 824 2690 mutatum
841 2637 904 2705 lpse
921 2632 952 2688 in
971 2637 1029 2690 isse
1048 2633 1074 2689 si
1092 2650 1216 2690 russum
1234 2649 1302 2688 cum

236 2745 360 2786 mosam
377 2735 430 2784 aut
443 2748 557 2801 passus
569 2749 762 2803 cumpaasas
774 2737 827 2788 aut
839 2735 979 2789 sussnllta
998 2750 1066 2789 oum
1083 2733 1220 2804 repellite
1233 2748 1301 2786 con-

235 2827 425 2884 tendimus.»

744 3251 795 3298 1..

272 3428 460 3496 [auliculosus
472 3436 540 3511 (57).
553 3437 610 3505 Qui
622 3437 659 3493 ab
672 3436 813 3494 uberibus
826 3437 924 3510 coepit
934 3436 1091 3494 removeri.
1100 3437 1200 3495 Habet
1212 3437 1302 3494 etiam

236 3534 425 3606 Ducangius3
437 3537 554 3592 nullum
566 3553 678 3608 verum,
697 3535 755 3592 nisi
773 3534 913 3608 Petronii,
927 3542 1028 3592 exstat
1040 3537 1216 3611 exemplum.
1228 3537 1271 3593 Ut
1284 3555 1302 3593 a

235 3635 327 3705 metu,
346 3633 550 3703 meticulosus,
569 3633 612 3689 ita
631 3653 649 3690 a
660 3635 747 3706 lacte,
760 3634 955 3691 lacticulosus
973 3634 1094 3691 Habent
1116 3634 1241 3692 Gloseae
1254 3653 1302 3691 ve-

237 3736 327 3788 teres.
340 3751 358 3787 a
370 3732 468 3788 Avere
487 3732 510 3787 ss
527 3733 601 3788 latte
621 3733 680 3788 alla
698 3733 789 3789 bocca
801 3753 818 3787 »
831 3732 994 3788 etiamnum
1007 3730 1115 3790 dieitur
1123 3751 1177 3807 per
1189 3732 1301 3789 metha·

233 3829 360 3902 phoram
378 3830 415 3887 ab
433 3830 521 3886 Italis
535 3830 705 3904 (riarum).
1437 3851 1487 4165 s

273 3984 403 4041 haunein
423 3983 483 4057 (42)
503 3983 549 4038 Ex
575 4000 684 4064 graeco·
701 3982 847 4055 λαικάζειν,
868 3985 1002 4041 scortari.
1031 3983 1089 4040 Ofr.
1121 3983 1250 4041 Martial.
1277 3967 1327 4046 J(
1386 3926 1426 4052 sl

236 4080 288 4138 59:
309 4100 328 4136 ε
339 4081 502 4138 leichaaein
521 4081 645 4155 cupidae
664 4080 743 4138 dicet
761 4082 948 4154 avaritiam»
971 4081 1021 4138 hic
1042 4099 1147 4139 verum
1165 4082 1301 4156 λειχάζειν
1339 4083 1341 4089 “

236 4179 342 4248 fellere
362 4179 521 4252 significat.
