3416 5306
949 751 1047 846 Df

483 986 625 1052 Daphnona
644 981 730 1055 (126).
748 979 903 1053 Daphnen,
918 980 1016 1035 locum
1033 978 1128 1035 lauris
1141 977 1299 1036 consitum.
1312 979 1427 1036 Graeca
1439 997 1501 1038 vox

450 1086 564 1158 δαφνῶν.
577 1081 665 1154 Apud
677 1079 805 1136 Martial.
824 1093 844 1134 x
856 1080 903 1135 79:
917 1098 935 1134 c
947 1077 1095 1150 disposuit
1107 1078 1264 1151 daphnona
1276 1095 1332 1135 suo
1344 1077 1514 1152 Torquatus

450 1186 481 1240 in
500 1198 611 1253 agro.»

486 1307 650 1364 Detuliucre
668 1303 727 1377 (69)
746 1303 905 1373 Debattuo‚
923 1302 1001 1357 idem
1019 1301 1097 1374 quod
1121 1302 1221 1373 batno,
1241 1319 1279 1357 ex
1297 1319 1355 1374 quo
1374 1301 1516 1359 debatum

449 1422 503 1478 pro
523 1402 732 1472 controversia,
750 1402 821 1474 gall.
840 1400 934 1470 attat,
946 1399 977 1454 in
989 1399 1107 1456 infimae
1119 1400 1280 1456 latinitatis
1298 1400 1408 1457 Charta
1426 1402 1516 1457 Alani

351 1495 354 1504 ’
452 1501 535 1558 ducis
553 1500 724 1557 Britanniae
742 1519 768 1556 a.
787 1500 857 1555 1087
877 1505 907 1556 et
925 1498 992 1554 aliis
1009 1497 1132 1572 passim.

487 1654 657 1713 defunctorio
677 1652 754 1726 (136)
774 1651 986 1708 Defunctorius
1005 1656 1052 1707 est
1069 1650 1155 1722 levis,
1172 1650 1325 1723 remissus,
1339 1668 1447 1724 exque
1466 1652 1516 1708 de-

451 1751 598 1808 functorie
616 1749 647 1807 in
665 1751 765 1810 Senec.
784 1755 916 1807 controv.
934 1765 954 1806 v
971 1748 1018 1805 31:
1039 1768 1055 1802 ‹
1074 1748 1259 1806 defunctorie
1277 1767 1400 1806 causam
1418 1767 1517 1807 meam

452 1848 601 1922 egissem?
613 1868 631 1904 a

489 1976 743 2044 oepraeoenttarvn
752 1974 820 2049 (58).
834 1973 900 2030 Vox
912 1971 1028 2061 plebeia
1037 1971 1248 2030 adverbialiter
1260 1978 1367 2029 sumta.
1378 1973 1427 2030 Sic
1436 1975 1517 2047 apud

453 2073 538 2130 Oorn.
556 2073 662 2146 Nepet.
676 2074 710 2130 V.
729 2073 857 2130 Hannib.
876 2092 894 2127 c
905 2070 1217 2144 impraesentiarum.»
1234 2073 1357 2128 Nullum
1378 2072 1437 2129 nisi
1454 2074 1516 2132 Pe-

453 2170 543 2228 tronii
561 2176 660 2228 exstat
679 2172 853 2245 exemplum.

489 2299 643 2356 desomnem
663 2292 721 2370 (47)
740 2296 905 2368 Desomnis,
924 2295 1003 2351 idern
1022 2313 1056 2382 ac
1074 2294 1226 2351 insomnis.
1252 2295 1300 2352 Sic
1325 2295 1440 2370 depilis‚
1462 2297 1517 2354 de-

454 2397 563 2470 plumis
582 2400 682 2453 exstat
700 2397 779 2468 apud
797 2395 880 2452 alios.

491 2524 609 2580 Dour-ode
622 2521 681 2594 (58)
695 2540 712 2574 ‹
725 2521 764 2575 Et
783 2521 834 2592 qui
852 2527 882 2576 te
901 2519 1013 2593 primus
1027 2519 1119 2574 deuro
1132 2517 1249 2590 defecit,
1259 2518 1318 2574 >in
1330 2519 1394 2576 cod.
1404 2525 1517 2592 tragur.

455 2620 500 2677 De
511 2622 576 2676 vivo
596 2621 697 2676 deiecit
708 2618 798 2675 iussit
810 2636 876 2674 esse
888 2618 948 2673 iac.
961 2617 1138 2689 Gronovius
1151 2619 1187 2674 dc
1200 2622 1315 2675 cerebro
1327 2621 1427 2676 deiecit
1442 2621 1518 2676 Goe-

456 2717 527 2788 sius,
546 2719 582 2774 dc
595 2735 691 2789 porro
705 2716 833 2774 Oriolius
845 2736 874 2789 p.
891 2717 935 2789 33,
946 2734 1036 2774 acrae
1046 2719 1204 2788 decurtarit
1216 2718 1391 2774 Buecheler.
1404 2721 1448 2777 De
1460 2737 1518 2776 aro

456 2816 570 2886 defecit,
584 2833 640 2888 ogo
654 2815 782 2872 restitui.
800 2816 882 2872 Urus
901 2815 978 2872 enim
990 2834 1044 2888 pro
1055 2821 1123 2872 urto
1136 2817 1186 2872 vel
1197 2833 1271 2872 urvo
1285 2815 1376 2890 (quod
1388 2817 1419 2872 in
1432 2819 1518 2874 Varr.

456 2919 487 2970 et
496 2913 567 2987 Pap.
582 2932 652 2987 pars
671 2918 717 2970 est
736 2914 827 2970 aratri
840 2933 915 2988 quae
928 2914 1063 2987 plicatur,
1076 2912 1106 2970 in
1118 2913 1238 2970 infimae
1250 2914 1415 2972 latinitatis
1429 2917 1520 2990 scrip

456 3010 496 3067 tis
518 3011 677 3083 invenitur,
688 3017 724 3066 ut
745 3013 776 3067 in
788 3012 858 3084 dipl.
878 3012 976 3068 Caroli
995 3012 1025 3066 0.
1045 3031 1071 3067 a.
1088 3011 1143 3067 864
1160 3010 1239 3068 inter
1258 3013 1348 3068 Instr.
1366 3029 1426 3070 x11:
1448 3034 1466 3070 c
1486 3015 1519 3071 in

456 3110 595 3166 bernensi
610 3129 687 3184 pago
706 3111 795 3167 vinea
815 3129 882 3180 una,
901 3129 973 3165 urus
993 3117 1023 3166 et
1040 3110 1234 3182 modilogius;
1253 3130 1271 3164 »
1291 3109 1417 3168 deficere
1441 3131 1459 3168 a
1482 3117 1519 3170 dc

456 3209 605 3283 privativa
631 3215 661 3266 et
679 3210 758 3280 facio
781 3209 892 3266 rustice
907 3208 955 3264 hic
974 3227 992 3264 a
1011 3209 1161 3266 colliberto
1178 3209 1329 3265 adhibitur
1347 3211 1519 3267 removendi

458 3309 687 3381 significatione3
700 3309 757 3365 hoc
779 3313 839 3365 est:
865 3308 985 3364 Athana
1003 3308 1058 3366 tibi
1075 3308 1152 3364 irata
1171 3308 1220 3379 sit,
1233 3309 1351 3380 curabo,
1370 3315 1401 3364 et
1422 3310 1475 3382 qui
1488 3315 1519 3366 te

456 3408 734 3484 primus(ma9istcr
746 3408 828 3481 taus)
846 3411 954 3479 aratro,
973 3406 1010 3463 ad
1028 3407 1107 3480 quod
1125 3407 1235 3480 quippe
1250 3407 1416 3464 inurbanus
1427 3414 1520 3466 natus

458 3525 499 3580 es,
518 3505 691 3564 desuetecit.

493 3659 651 3717 novaretur
662 3657 730 3733 (95),
743 3657 891 3738 Deversor
910 3665 957 3715 est
975 3658 1068 3732 quiin
1087 3675 1220 3730 caupona
1241 3657 1425 3716 deversatur.
1446 3659 1521 3717 Nul-

457 3757 520 3813 lum
537 3757 596 3814 nisi
613 3757 748 3814 Petronii
766 3762 866 3815 exstat
885 3759 1062 3831 exemplum.

407 3951 408 3956 κ
493 3910 646 3981 dignitosam
659 3910 717 3983 (57)
735 3909 912 3982 Dignitosus
937 3915 984 3964 est
1004 3907 1193 3980 indignitate
1216 3908 1407 3977 constitutus,
1422 3909 1521 3965 multa

459 4008 611 4082 praeditus
621 4008 776 4080 dignitate.
786 4008 875 4080 Apud
886 4005 1033 4064 Aldhelm.
1046 4007 1083 4063 de
1094 4006 1181 4063 laude
1191 4005 1305 4078 Virgin.
1315 4006 1363 4062 28:
1373 4025 1391 4060 ‹
1398 4013 1522 4078 propter

460 4107 639 4179 dignitosam
660 4105 845 4163 innocentiae
866 4106 1027 4178 palmam»
1051 4115 1081 4160 et
1099 4104 1177 4178 apud
1195 4106 1269 4161 alios
1287 4104 1406 4161 infimae
1424 4105 1522 4162 latini·

460 4205 532 4262 tatis
552 4205 721 4279 scriptores.
