3416 5306
909 1217 912 1222 ’
941 1201 1003 1272 IV.

487 1438 528 1503 In
543 1436 604 1504 hoc
627 1437 736 1502 indice
769 1459 887 1502 vocum
911 1437 1032 1524 quibus
1056 1439 1231 1502 Petronius
1266 1441 1411 1524 rusticis,
1434 1463 1504 1506 cor-

445 1555 551 1640 ruptis
575 1552 777 1640 plebeiisque
792 1575 871 1618 usus
892 1564 951 1634 est,
976 1557 1219 1619 immutationes
1241 1555 1405 1621 vocalium
1430 1579 1506 1622 con·

444 1672 697 1756 sonantiumque
724 1671 811 1736 haud
832 1681 1004 1736 excusatas
1030 1669 1185 1736 barbarie
1207 1672 1371 1758 loquentis
1395 1696 1505 1740 emen·

446 1787 538 1870 davi3
564 1796 712 1852 monstra
735 1785 911 1859 verborum
928 1809 1013 1875 quae
1036 1786 1149 1864 ferunt
1172 1787 1301 1852 codices
1321 1787 1430 1854 *firmis
1453 1813 1508 1855 ar·

444 1904 610 1990 gementis
634 1904 764 1970 restitui
788 1904 824 1968 in
846 1904 1027 1988 integrum3
1050 1901 1247 1987 glossemata
1263 1902 1439 1990 exemplis,-
1457 1908 1510 1972 uti

446 2021 549 2106 potui,
572 2018 749 2105 explicavi.
775 2019 860 2085 Cum
883 2019 990 2084 adhuc
1014 2020 1140 2084 incerta
1160 2019 1314 2084 videatur
1337 2029 1427 2086 aetas
1446 2023 1510 2087 Pe-

445 2138 557 2219 tronii,
580 2135 684 2201 verba
707 2136 890 2220 singularia
916 2135 968 2200 vel
998 2135 1110 2201 infimo
1137 2158 1219 2200 aevo
1235 2138 1423 2202 communia
1447 2139 1509 2203 tri-

446 2251 547 2319 buere
575 2254 751 2318 satirarum
775 2253 903 2317 auctori
926 2275 992 2316 non
1015 2251 1184 2334 dubitavi3
1208 2274 1314 2316 sermo
1331 2254 1420 2317 enim
1436 2275 1506 2318 cor·

447 2379 572 2456 ruptus,
588 2369 653 2434 nisi
678 2371 713 2433 in
739 2370 920 2453 castigatae
937 2369 1092 2432 dictionis
1108 2367 1271 2452 operibus,
1285 2378 1395 2434 tamen
1411 2367 1507 2434 flore-

446 2485 505 2551 bat
538 2484 623 2571 apud
658 2483 750 2549 urbis
781 2485 1037 2569 provinciaeque
1065 2482 1230 2569 popellum
1265 2486 1332 2548 iam
1367 2484 1510 2550 saeculis

447 2599 608 2688 proximis
632 2623 651 2665 a
674 2603 830 2698 Terentio
848 2601 1040 2686 Plautoque,
1054 2597 1173 2684 quibus
1190 2619 1302 2663 omnes
1315 2598 1509 2686 disciplinas

448 2728 481 2784 et
504 2718 604 2783 bonas
628 2725 725 2804 artes,
749 2718 982 2806 eloquentiam,
1009 2717 1184 2800 picturam,
1207 2717 1342 2800 poesim,
1372 2717 1420 2781 ita
1442 2716 1509 2782 col·

447 2834 555 2922 lapsas
575 2858 644 2902 esse
667 2844 866 2924 constatput
889 2832 1051 2917 omnibus,
1077 2831 1195 2918 quibus
1222 2831 1330 2897 adhuc
1349 2833 1509 2918 ingenua·

449 2974 522 3018 rum
546 2955 669 3021 artium
681 2954 815 3042 quidam
838 2960 952 3036 gustus
970 2959 1050 3033 erat,
1075 2951 1147 3036 ipsa
1174 2947 1322 3032 vulgaris
1349 2950 1511 3015 orationis

448 3068 613 3161 barbarie,
638 3069 811 3137 ridiculam
835 3069 992 3134 vitiorum
1015 3068 1193 3152 imaginem
1210 3065 1419 3152 exprimendi
1438 3087 1510 3130 ma-

451 3187 535 3251 teria
550 3185 775 3273 praeberetur.
1243 3177 1245 3182 ¹
