3416 5306
396 410 414 465 8

396 541 628 611 Renuntiatio·
643 541 660 606 1
674 540 711 604 2:
734 539 750 576 ‘²
764 537 1015 604 ambubaiarum
1027 537 1166 624 collegia
1180 587 1196 624 „
1215 541 1295 605 etin
1308 539 1455 608 Sueuos.

395 661 479 725 Ner.
504 678 618 723 xxvrr:
647 657 663 694 ‘⁸
688 653 1007 742 ambubaiarumque
1034 655 1229 720 ministeria.
1254 704 1270 741 ,,
1300 655 1399 744 Quod
1422 659 1458 720 in

285 840 290 856 ,
396 773 557 860 singulari
579 794 715 838 numero
731 792 796 836 non
812 772 982 846 invenitur
996 773 1061 835 nisi
1077 770 1165 856 apud
1188 772 1391 856 Petronium,
1407 785 1466 836 ar·

396 899 590 974 gumentum
613 897 662 953 est
685 886 823 952 fatuum.
848 885 892 954 du
922 903 962 955 au
994 887 1064 969 (67)
1091 885 1192 951 habes
1221 909 1328 971 saepe
1349 890 1384 952 in
1407 909 1444 954 co

398 1007 506 1071 micis:
538 1007 695 1071 Teanum.
726 1000 815 1066 Euo.
846 1024 870 1067 v
899 1023 927 1065 11
958 1002 1016 1066 6οε
1050 1003 1142 1085 “au‚
1170 1011 1253 1084 tace,
1282 1003 1457 1090 obsecro„

398 1133 432 1187 et
454 1122 594 1208 passim3
618 1121 745 1185 Pusur.
769 1116 845 1182 Mil.
872 1139 899 1182 11
923 1118 1016 1182 1162
1043 1118 1122 1182 “au
1144 1117 1283 1183 feriatus
1306 1141 1347 1184 ne
1371 1121 1457 1206 sia„
1496 1153 1499 1160 ·

400 1234 491 1307 Balla
512 1239 594 1321 (58),
627 1219 800 1304 bellissima
814 1234 895 1320 (25),
915 1231 988 1302 betti
1021 1234 1076 1317 (68
1095 1235 1161 1320 78),
1177 1231 1259 1304 belle
1280 1235 1362 1319 (46),
1378 1235 1470 1308 haec,

400 1354 511 1419 omnia
546 1353 763 1416 inveniuntur
786 1350 873 1435 apud
910 1349 1029 1415 Closs.
1059 1359 1127 1414 ott
1152 1351 1185 1415 V
1213 1351 1273 1414 ll:
1309 1351 1325 1387 “
1352 1351 1460 1415 locum

399 1491 471 1534 esse
496 1466 712 1532 bellissimum
741 1515 757 1552 ,,
792 1473 825 1530 et
852 1466 973 1551 passim
1001 1465 1089 1550 apud
1116 1465 1319 1549 Carnutum,
1350 1468 1461 1532 Pusu-

400 1605 482 1668 uun,
505 1585 726 1650 'I'nsursrrum
742 1581 852 1647 Bellus
868 1591 979 1646 autem
994 1603 1059 1647 non
1076 1591 1125 1646 est
1140 1581 1228 1646 idem
1251 1605 1290 1646 ac
1314 1581 1460 1668 pulcher,

400 1700 458 1765 sed
492 1709 599 1785 aptus,
627 1697 824 1782 commodus,
853 1698 999 1764 idoneus.
1031 1697 1116 1768 Bono
1142 1715 1234 1767 mano
1266 1697 1347 1783 (85),
1373 1698 1462 1783 apud

402 1814 521 1880 Orous.
545 1813 590 1878 od
604 1815 675 1878 Ast.
692 1815 760 1879 IV:
781 1815 797 1851 “
814 1814 897 1879 bene
913 1835 1010 1878 mane
1025 1814 1105 1878 baec
1121 1815 1266 1900 scripsi„
1291 1824 1324 1879 et
1339 1815 1462 1900 passim

402 1931 584 1996 invenitur.
612 1927 868 2018 Gontepllsslmls
898 1931 1025 1993 iuravit
1051 1929 1156 1994 corbis
1184 1932 1275 2014 (113,
1306 1931 1383 2014 133)
1413 1939 1463 1996 est
1536 2003 1543 2016 ,
1649 2007 1654 2020 .

403 2047 439 2111 in
468 2045 587 2113 Olcus.
616 2044 743 2110 Gloeot.
766 2068 820 2112 ru:
856 2045 1194 2131 “conceptisverbis
1217 2048 1400 2132 peierare„
1428 2055 1462 2110 et

402 2163 439 2226 in
461 2163 589 2228 Pusur.
618 2161 742 2228 cistert.
766 2183 779 2226 1
804 2161 884 2227 100:
912 2161 927 2198 l‘
952 2163 1119 2246 conceptis
1143 2162 1269 2228 iuravit
1295 2161 1417 2227 verbis.
1444 2211 1459 2248 ,,

402 2277 583 2364 Gongomttll
606 2280 672 2364 (23,
700 2277 776 2361 100)
801 2279 971 2342 iuvenitur
995 2277 1083 2363 apud
1107 2276 1227 2370 Orcus.
1253 2276 1347 2343 Mar.
1375 2299 1460 2343 xxv:

406 2394 629 2478 “congemuit
658 2404 791 2459 senatus
822 2393 1018 2480 frequens„
1052 2401 1086 2458 et
1117 2393 1221 2460 Suus.
1252 2392 1321 2458 Tib.
1349 2415 1463 2459 xxm:

406 2509 532 2575 “velut
558 2510 666 2594 impar
689 2509 808 2592 dolori,
835 2509 1033 2592 congemuit.
1063 2557 1079 2594 ,,
1111 2506 1218 2578 illaria
1246 2510 1336 2592 (24):
1369 2510 1463 2576 cibus

403 2625 502 2691 unius
518 2624 596 2690 diei.
613 2625 789 2690 Invenitur
804 2626 904 2690 etiam
921 2625 1010 2710 apud
1025 2626 1160 2690 Hossr.
1176 2646 1225 2711 cp.
1242 2646 1255 2689 1
1281 2626 1339 2690 14:
1360 2627 1464 2692 “cum

405 2741 510 2807 servis
540 2740 669 2806 urbana
697 2741 805 2806 diaria
834 2739 950 2814 rodere
980 2741 1127 2823 mavis„
1167 2749 1199 2805 et
1227 2741 1316 2827 apud
1345 2740 1464 2810 Closs.

406 2855 475 2921 Att.
507 2877 571 2921 vm
597 2857 656 2922 14:
687 2858 703 2894 “
734 2856 856 2923 Caesar
880 2859 923 2922 iis
950 2857 1067 2922 diariis
1097 2855 1241 2922 militum
1265 2858 1466 2925 celeritatem

407 2974 564 3058 incitat„
588 2974 665 3038 Vox
689 2981 738 3037 est
761 2973 895 3037 infimae
918 2972 1093 3037 latinitatis
1116 2972 1262 3038 diarium
1285 2975 1400 3040 eadem
1423 2978 1466 3041 si·

406 3089 633 3172 gnificatione:
657 3088 717 3154 cfr.
734 3089 805 3153 Lib.
828 3088 981 3154 miracul.
1000 3089 1037 3154 S.
1060 3087 1201 3156 Joaoois
1224 3089 1361 3156 Abbatis
1384 3091 1466 3158 Reo-

406 3205 558 3300 macost's,
584 3205 619 3269 7:
651 3204 739 3269 “nil
766 3205 867 3271 diarii
897 3227 1029 3290 prorsus
1060 3205 1250 3293 sumebat„
1289 3205 1398 3277 Divina
1422 3208 1466 3293 (6)

406 3342 486 3405 saga
508 3343 567 3407 pro
591 3320 730 3386 arbitrio
754 3321 940 3407 explicatur
972 3345 993 3386 a
1015 3321 1213 3390 Buechelero
1237 3325 1272 3387 in
1296 3325 1364 3392 ind.
1388 3323 1467 3390 edit.

407 3440 486 3502 min.
504 3437 569 3503 Sed
589 3437 733 3522 divinus,
749 3437 922 3503 divinandi
936 3448 969 3504 et
980 3439 1224 3524 praesentiendi
1248 3442 1318 3505 vim
1333 3440 1469 3522 habens,

408 3554 580 3618 iuvenitur
592 3553 691 3618 etiam
703 3554 793 3639 apud
805 3553 923 3619 Orcus.
936 3555 1011 3619 Fot.
1028 3576 1112 3621 1111:
1133 3553 1232 3619 “falli
1245 3567 1355 3640 sperat
1372 3556 1470 3624 Chal-

409 3667 519 3750 daeos,
550 3677 740 3757 ceterosque
770 3671 936 3754 divinos„
968 3679 1000 3736 et
1028 3671 1115 3756 apud
1141 3671 1276 3737 Hossr.
1301 3682 1361 3738 sot.
1392 3695 1405 3738 1
1434 3676 1470 3739 6:

412 3784 562 3848 “assisto
586 3784 720 3849 divinis.
738 3835 754 3871 „
781 3785 877 3851 Adde
901 3787 1008 3852 L1v.1
1033 3788 1085 3852 36.
1105 3785 1337 3870 Gaudimonio,
1356 3789 1472 3875 felici
1511 3861 1512 3866 η

411 3909 475 3964 tote
489 3899 610 3969 cissitis
628 3903 681 3984 (61
701 3903 755 3986 75)
773 3904 885 3966 eadem
902 3901 1060 3968 translata
1076 3903 1316 3986 significatione
1341 3915 1470 3970 exstare

411 4015 491 4082 mihi
519 4016 653 4081 videtur
681 4018 767 4103 apud
796 4020 929 4084 Hossr.
953 4040 1001 4104 ep.
1026 4041 1038 4084 1
1068 4021 1126 4085 18:
1154 4020 1169 4057 ‘⁴
1194 4021 1305 4104 gratia
1334 4023 1382 4086 sic
1404 4020 1470 4086 fra-

411 4141 499 4201 trum
521 4133 726 4219 geminorum
749 4134 944 4222 Amphionis
960 4144 1060 4223 atquc
1082 4136 1181 4202 Zethi
1206 4135 1343 4202 dissiliit
1369 4187 1385 4226 ,,
1410 4136 1471 4204 hoc
