3416 5306
420 445 455 500 40

418 577 533 635 ratione
542 596 577 634 ac
586 575 719 634 domusio
731 576 806 649 (cap.
815 575 870 648 46),
878 573 1039 648 fulcipedia
1048 573 1123 647 (cap.
1134 573 1190 648 15),
1199 570 1330 646 larifuga
1346 572 1422 646 (cap.
1431 572 1481 645 b'i)

409 676 588 744 ‚formatum

456 830 576 889 Servitia
601 825 677 902 (107)
701 827 828 886 Servilio
851 825 988 897 restituo,
1015 824 1145 898 vestigia
1168 824 1358 882 subaudiens.
1381 823 1485 880 Solum

420 926 607 998 adiectivum,
626 925 677 982 ubi
689 925 776 981 facile
790 924 1010 982 substantivum
1023 923 1112 980 decus
1125 923 1253 994 intelligi
1265 927 1373 996 potest,
1387 922 1483 978 semel

420 1025 548 1083 occurrit
567 1025 645 1096 apud
662 1022 845 1080 Petronium.
859 1023 917 1080 cfr.
938 1028 993 1078 sat.
1007 1041 1071 1096 cap.
1092 1022 1140 1077 90:
1153 1041 1170 1076 «
1182 1022 1239 1077 hac
1251 1039 1298 1077 me
1312 1021 1483 1078 adventicia

420 1122 554 1196 excipere
573 1122 741 1195 frequentia
754 1121 838 1192 solet,
848 1141 866 1176 s
876 1140 939 1194 cap.
949 1121 997 1176 31:
1011 1141 1029 1175 u
1038 1120 1116 1176 inter
1126 1119 1354 1193 promulsidaria
1367 1121 1481 1175 asellus

420 1227 520 1293 erat»
539 1228 569 1276 et
586 1222 635 1276 34:
653 1227 875 1291 «tengomenas
895 1219 1049 1275 faciamus.
1060 1238 1077 1272 >›

456 1373 609 1431 Sessorium
629 1372 697 1444 (77).
717 1372 743 1424 Δ
762 1371 905 1426 sedendo:
926 1371 1012 1426 sedes
1030 1369 1061 1425 in
1075 1389 1132 1442 qua
1145 1389 1212 1426 cum
1225 1368 1361 1425 lanificiis
1374 1370 1481 1425 Fortu-

418 1475 491 1525 nata
508 1469 671 1526 sessionem
689 1469 826 1525 habebat.
852 1469 889 1523 ln
907 1468 987 1524 Ooel.
1005 1469 1106 1524 Aurel.
1125 1468 1212 1523 Acut.
1231 1469 1246 1522 I
1264 1483 1302 1547 u:
1321 1469 1397 1524 «vel
1409 1485 1485 1540 quo-

419 1568 492 1622 libet
511 1566 638 1624 sessorio
657 1567 764 1623 leniter
782 1573 871 1639 atque
896 1565 1086 1622 mediocriter
1108 1580 1327 1636 mercantum»
1344 1565 1376 1620 in
1399 1565 1483 1620 Will.

419 1664 493 1720 Brit.
512 1679 547 1720 111
565 1664 692 1738 Philipp.
711 1665 747 1721 de
760 1666 847 1721 Ulmo
861 1664 899 1718 ad
912 1663 1088 1740 Gisortium:
1103 1683 1120 1718 c<
1129 1669 1217 1734 grata
1229 1662 1338 1721 viatori
1350 1662 1484 1719 sessoria

419 1768 560 1836 praestat,
571 1783 588 1817 a
607 1763 731 1835 aliisque
750 1762 867 1818 infimae
886 1761 1044 1821 latinitatis
1064 1761 1212 1834 operibus·
1305 1833 1308 1842 γ

455 1917 651 2003 sestertiarios
671 1914 740 1987 (45).
759 1914 966 1998 Sestertiarius
986 1919 1033 1970 est
1060 1913 1098 1968 ad
1122 1913 1295 1998 sestertium
1312 1913 1481 1986 pertinens:

419 2012 629 2074 hictranslate
647 2029 700 2085 pro
719 2011 804 2067 cuius
817 2011 1029 2084 patrimonium
1049 2012 1188 2068 sestertio
1202 2012 1260 2066 emi
1277 2015 1378 2084 potest
1396 2029 1415 2066 a
1426 2010 1485 2068 Pe-

419 2110 517 2166 tronio
536 2109 703 2166 adhibetur.

455 2263 636 2333 sopitionibus
657 2261 717 2334 (22)
737 2259 802 2316 Hoc
820 2259 889 2316 libri
909 2259 1023 2316 ierunt:
1042 2263 1130 2332 sopiti
1143 2263 1293 2318 titionibus
1305 2261 1337 2338 iu
1348 2260 1486 2333 margine

419 2360 626 2432 Scaligeranus
645 2358 808 2428 midensis,
827 2361 1007 2429 scriptionib.
1027 2362 1054 2414 et
1072 2359 1160 2428 sopiti
1178 2357 1208 2412 in
1226 2358 1360 2430 margine
1380 2358 1485 2417 editin.

419 2458 584 2529 Tornaesii3
603 2461 706 2529 sopitis
725 2460 873 2514 titionibus
892 2457 1051 2525 Gruterum
1064 2458 1251 2526 scepionibus
1263 2455 1405 2512 Heinsius
1418 2456 1485 2528 (cfr.

419 2556 670 2626 Catull.xxxvr1);
689 2558 791 2626 supini
814 2557 992 2611 corbonibus
1018 2554 1190 2610 Buecheler.
1215 2557 1307 2624 Sopiti
1331 2556 1485 2612 titionibus

421 2673 458 2711 ex
477 2655 612 2712 omnibus
631 2654 713 2710 libris
734 2671 789 2725 ego
809 2653 928 2725 accipio.
1007 2663 1014 2684 ²

454 2809 558 2874 Sophos
574 2806 640 2878 (40).
657 2805 770 2862 Graeca
787 2823 846 2861 vox
860 2805 1008 2877 sapienter
1021 2803 1201 2876 significans,
1217 2822 1276 2877 qua
1293 2804 1325 2861 in
1338 2807 1484 2860 acclama—

419 2904 550 2961 tionibus
562 2905 703 2960 utebatur
716 2905 844 2976 populus
856 2903 1016 2959 recitantes
1036 2908 1089 2974 aut
1108 2919 1214 2958 causas
1227 2902 1258 2958 in
1274 2903 1338 2959 foro
1354 2910 1482 2976 agentes

416 3002 552 3058 laudans,
571 3002 668 3074 Apud.
686 3002 813 3058 Martial.
833 3001 925 3074 epigr.
944 3016 978 3055 n:
997 3007 1171 3056 «mercetur
1190 3000 1267 3056 alius
1287 3001 1429 3072 grandem
1449 3007 1483 3057 et

418 3101 557 3156 insanum
570 3101 714 3172 sophos»
734 3101 813 3172 apud
825 3099 956 3155 Ciceron.
970 3099 1093 3155 verbum
1105 3099 1161 3154 hoc
1181 3098 1362 3156 adiectivum
1381 3105 1484 3155 exstat

419 3197 451 3254 in
468 3197 517 3254 fin.
537 3198 606 3253 118:
628 3199 805 3270 «praeclare
825 3204 856 3254 et
874 3203 955 3255 recte
974 3199 1117 3269 sophos.»

454 3351 579 3422 Spintrla
607 3349 698 3424 (113).
719 3349 777 3415 Qui
791 3355 995 3406 monstruosas
1023 3347 1144 3422 reperiit
1169 3349 1318 3418 libidines,
1338 3369 1355 3406 a
1373 3369 1484 3422 graeco

420 3449 563 3522 σφιγκτὴρ,
575 3466 632 3518 quo
645 3448 743 3519 podex
755 3452 889 3503 vocatur.
901 3447 990 3519 Apud
1002 3447 1096 3503 Tacit.
1108 3447 1184 3503 Ann.
1197 3463 1208 3501 1
1220 3450 1257 3510 ,6ε
1268 3468 1285 3503 c
1295 3448 1400 3520 ignote
1413 3455 1485 3506 ante

418 3545 691 3618 vocabulareperta
702 3551 772 3602 sunt
791 3545 977 3601 sellariorum
996 3551 1026 3600 et
1043 3545 1255 3617 spintriarium‚
1266 3566 1284 3600 r>
1305 3546 1384 3620 apud
1400 3546 1484 3603 Suet.
1594 3589 1598 3598 .

418 3644 578 3714 Tibxnur:
599 3643 844 3716 «monstrosique
865 3643 1039 3700 concubitus
1058 3649 1233 3716 repertores
1247 3662 1321 3717 quos
1335 3645 1479 3717 spintrias

419 3743 629 3815 appellabat»
649 3747 679 3798 et
696 3743 818 3815 passim.

454 3897 622 3954 Staminatas
643 3893 712 3967 (41).
731 3892 758 3947 Α
776 3911 884 3966 gracco
898 3872 1028 3966 irruptis,
1048 3911 1165 3965 urceuS,
1187 3894 1329 3966 amphora
1351 3893 1483 3966 vinaria;

420 3992 504 4048 cuius
512 3992 648 4048 vocabuli
659 3997 776 4047 exstare
783 3991 912 4063 vestigia
919 3991 992 4046 mihi
1000 3992 1139 4048 videntur
1147 3993 1217 4063 gall.
1228 3994 1388 4061 testamiui,
1397 3993 1483 4050 locus

420 4097 508 4163 aptus
526 4090 705 4163 potionibus
724 4096 754 4144 et
771 4090 886 4161 neapol.
896 4092 1034 4162 stainam,
1048 4097 1186 4163 corrupta
1203 4090 1420 4163 significatione
1432 4108 1485 4146 ur·

421 4205 490 4244 oeus
508 4186 540 4244 in
558 4205 616 4262 quo
635 4192 705 4246 exta
723 4192 898 4262 coquuntur.
