3416 5306
437 449 469 504 10

319 627 321 632 -
437 586 524 651 tatis.
543 584 700 650 Alienum
715 589 865 654 mortuum
883 585 1021 674 plorare
1040 585 1121 670 (54).
1138 586 1314 652 Invenitur
1330 586 1418 672 apud
1434 587 1492 655 01-
1555 609 1559 616 ·

434 723 510 768 eme.
541 711 625 768 oret.
654 725 667 768 1
698 700 756 767 57:
784 703 800 740 “
824 699 1047 768 defensionem
1070 711 1351 786 testamentorum,
1375 725 1413 768 ae
1436 724 1491 771 vo·

433 817 570 885 luntatis
592 828 837 904 mortuorum„
864 815 1008 887 lluntlum
1026 819 1144 906 frique
1167 818 1341 884 beheimos·
1364 820 1435 904 (41)
1458 820 1493 885 id

432 944 482 1001 est
504 935 593 1001 haud
631 935 782 1021 pluvium
820 945 854 1000 et
884 933 1092 1001 lutulentum.
1131 937 1196 1000 Per
1226 935 1366 1002 similem
1390 943 1494 1001 mete—

323 1033 327 1043 ’
431 1051 570 1137 phorum
586 1055 675 1118 canit
691 1050 789 1118 (ivre.
805 1054 897 1118 Feret.
922 1073 964 1116 111
988 1052 1070 1116 668:
1091 1052 1106 1088 “
1124 1053 1255 1137 Pauper
1271 1053 1327 1117 sed
1351 1053 1492 1118 mundae

430 1166 618 1235 sedulitatis
641 1190 735 1235 enus.
754 1217 770 1254 ,,
799 1167 877 1235 Sive
894 1165 1004 1256 planus
1020 1169 1100 1253 (82),
1118 1167 1203 1256 plani
1220 1169 1324 1254 (140).
1341 1169 1373 1236 A
1388 1171 1492 1236 Plano

429 1287 566 1369 trieone,
591 1286 631 1350 de
659 1284 719 1350 eir.
747 1284 816 1350 vid.
839 1286 974 1351 Honrr.
1002 1285 1101 1373 Epr
1127 1287 1178 1350 17.
1200 1287 1376 1351 Invenitur
1403 1286 1491 1372 apud

431 1401 550 1468 C1eus.
587 1400 714 1467 Oloeet.
746 1423 844 1468 xxvr:
882 1403 898 1440 α
928 1400 982 1466 ille
1017 1401 1134 1489 planus
1165 1402 1438 1488 improbissimus.
1472 1453 1488 1490 „

430 1516 583 1590 Pullarius
599 1520 679 1606 (43),
694 1517 912 1596 παιδεραστής
931 1518 1117 1604 explicatur
1140 1541 1160 1584 a
1183 1518 1382 1585 Buechelero
1405 1518 1489 1605 glos-

428 1635 538 1721 sisque
555 1635 740 1708 Philoxeni.
758 1636 849 1719 Quid
865 1636 937 1702 ite?
954 1637 1021 1718 Qui
1038 1658 1057 1700 e
1072 1645 1169 1721 pastu
1192 1635 1355 1721 pullorum
1379 1645 1491 1721 captet

428 1755 576 1840 auspicia
599 1764 737 1818 vocatur
765 1752 924 1838 pullarius
948 1775 968 1816 a
992 1751 1295 1818 Oreue.Dioio.11
1319 1753 1377 1818 34:
1405 1755 1491 1819 “at-

428 1869 561 1935 tulitin
585 1891 686 1934 eavea
702 1868 808 1956 puilos
833 1871 933 1957 isqui
957 1893 999 1934 ex
1023 1892 1060 1934 eo
1083 1871 1272 1935 nominatur
1295 1868 1484 1957 pullarius„

427 1996 460 2052 et
483 2009 503 2050 a
525 1987 603 2051 Lrv.
620 2009 644 2050 x
659 1987 717 2052 40:
735 1985 750 2023 “
768 1984 881 2050 consul
896 1984 1074 2071 pullarium
1091 1987 1125 2050 in
1146 1987 1322 2069 augurium
1337 1987 1485 2072 mittit„
1540 2061 1543 2068 1

428 2101 509 2168 Post
539 2115 567 2169 te
595 2125 659 2167 noe
689 2101 824 2190 respicis
850 2101 929 2185 (57).
958 2102 1019 2166 Est
1050 2100 1168 2186 Oreus.
1198 2103 1233 2165 iu
1257 2101 1363 2192 susc.
1394 2124 1416 2168 v
1448 2105 1487 2168 2:

430 2220 445 2256 “
464 2229 530 2285 tam
543 2219 638 2304 longe
650 2229 738 2285 retro
751 2218 913 2305 respicere
936 2241 1002 2284 non
1017 2227 1162 2304 possunt.
1177 2268 1192 2304 ,,
1208 2219 1353 2304 Lerpior
1368 2197 1489 2290 suttona

425 2338 518 2421 (117)
542 2359 601 2423 pro
625 2345 797 2422 apparatu,
821 2336 939 2421 speeie,
968 2336 1186 2400 ostentatione
1210 2337 1403 2423 cuiusquam
1426 2339 1486 2420 rei,

417 2437 706 2556 'invenitur'epud
729 2453 873 2518 Arnnur.
892 2453 1039 2552 Summers.
1061 2460 1094 2516 et
1116 2452 1235 2516 Timr.
1255 2451 1343 2517 Aee.
1365 2473 1424 2518 xrv
1450 2454 1485 2518 7:

427 2569 613 2634 “scaenam
637 2563 786 2636 oriminis
803 2590 961 2654 parare„
987 2566 1084 2638 Sioua
1109 2567 1217 2638 sobria
1239 2567 1309 2653 (57)
1333 2569 1384 2632 usi
1409 2579 1486 2636 sunt
1594 2603 1596 2608 ·

422 2708 481 2771 per
504 2684 727 2771 metaphoram
751 2692 788 2749 et
808 2683 927 2752 Oreum.
952 2686 987 2749 in
1011 2685 1116 2749 Aooel.
1133 2707 1169 2751 1v
1193 2686 1249 2751 27:
1282 2691 1296 2726 n
1314 2684 1487 2750 ¹dormien-

341 2889 344 2896 .
422 2804 506 2868 tium
529 2813 562 2867 et
577 2801 803 2866 vinolentium'
814 2810 847 2866 et
863 2800 1060 2866 furiosorum
1075 2803 1148 2866 visu
1165 2801 1381 2896 imbeeilliora
1404 2825 1484 2888 esse,

422 2921 520 3005 qu'am
535 2917 760 3003 vigilantium,
785 2917 956 3002 siccorum,
974 2939 1125 2984 ranorum
1142 2969 1157 3004 „
1176 2919 1219 2982 id.
1244 2919 1321 2984 ibid.
1338 2920 1353 2956 “
1369 2919 1484 2985 eadem

422 3035 658 3121 approbatione
670 3034 807 3126 faciunt,
821 3057 885 3122 qua
897 3034 998 3100 sobrii
1012 3021 1072 3120 „et
1083 3037 1210 3100 Purus.
1223 3035 1360 3100 inrisio.
1371 3057 1393 3100 v
1405 3058 1433 3102 11
1446 3037 1482 3102 6:

424 3152 439 3188 α
466 3173 574 3218 meum
597 3151 709 3217 virum
736 3150 786 3216 fui
814 3161 896 3232 reta,
921 3152 1054 3236 siceum,
1078 3149 1178 3235 frugi,
1203 3153 1478 3240 continentem.'„

426 3266 490 3334 Oet
506 3274 667 3339 vecturam
684 3269 829 3334 debemus
848 3271 939 3353 (101)
957 3292 1015 3355 pro
1040 3270 1182 3335 traiectu
1205 3270 1376 3335 invenitur
1394 3271 1483 3355 apud

421 3382 540 3451 Orous.
570 3385 613 3449 ad
640 3385 709 3450 Ate.
735 3387 810 3451 13:
837 3387 853 3423 “
879 3387 1027 3452 misimus
1052 3389 1108 3474 qui
1132 3408 1191 3474 pro
1216 3396 1352 3452 vectura
1376 3387 1484 3454 solve·

360 3537 362 3542 .
420 3511 481 3567 ret.
500 3551 515 3589 ,,
535 3501 589 3567 Ite
613 3501 748 3586 Caesar,
771 3501 906 3568 debello
928 3503 1011 3590 poll.
1035 3525 1057 3569 v
1082 3505 1117 3570 8:
1138 3505 1315 3571 “veetoria
1336 3507 1479 3592 novis„
