3416 5306
1253 457 1270 512 9

212 605 262 662 ost
295 606 429 682 repente
463 595 625 662 dissoluta·
653 606 711 660 est.
751 593 913 665 Furullera
943 594 1034 677 (132)
1074 603 1112 660 ut
1149 593 1185 657 in
1220 595 1270 658 vi·

213 733 285 778 rum
310 713 429 778 Orcus.
450 709 559 777 Vatia.
584 733 651 786 v11:
680 713 696 749 α
715 711 748 775 id
772 721 809 777 tu
833 709 906 793 tibi,
929 707 1078 793 furcifer,
1102 707 1268 794 sumesi,

213 839 246 894 et
267 831 423 896 Tannus.
448 828 537 892 aaa.
561 829 592 892 V
617 849 644 892 11
668 828 727 892 22:
756 829 770 864 α
791 826 938 910 debeam,
959 825 1067 907 credo,
1096 826 1151 890 isti
1175 824 1272 912 quid-

213 965 311 1030 quam
336 943 519 1009 furcifero?
543 946 590 1007 ita
606 946 641 1008 in
660 942 830 1008 mulierem
854 951 942 1008 recte
959 941 1132 1006 Petronius
1155 942 1271 1007 utitur.

214 1058 333 1130 llllarla
354 1082 445 1125 mera
472 1061 537 1148 siat
560 1061 629 1143 (61)
646 1081 705 1145 pro
721 1060 776 1123 die
803 1080 900 1145 quem
931 1058 965 1121 in
992 1057 1148 1122 honorem
1172 1057 1272 1122 Isidis
1388 1051 1393 1062 ’

214 1178 329 1241 matris
352 1176 486 1241 deorum
509 1177 650 1240 Romani
673 1173 893 1257 celebrabant,
915 1172 957 1238 ab
980 1172 1089 1257 hilari,
1105 1181 1272 1260 tamquam

213 1291 359 1358 laetitiae
394 1292 579 1374 exordium,
603 1292 703 1356 etiam
738 1292 871 1377 scripsit
904 1293 1057 1356 Maenas.
1096 1287 1272 1358 datam

214 1411 274 1474 21:
302 1410 318 1447 “
347 1407 556 1474 simulatione
589 1405 697 1473 luctus
732 1417 877 1493 peracta,
910 1406 1095 1472 celebratur
1128 1405 1275 1473 laetitiae

215 1524 388 1590 exordium
412 1547 441 1589 a.
465 1523 497 1589 d.
521 1532 674 1589 octavum
704 1522 781 1588 Kal.
812 1525 893 1609 Apr.
919 1545 1017 1610 quem
1039 1524 1128 1588 diem
1150 1522 1272 1590 hilaria

215 1639 550 1727 appellant.„'Quam
566 1662 679 1704 vocem
702 1639 802 1725 vulgo
831 1662 850 1704 a
873 1639 1000 1726 popello
1024 1639 1116 1705 urbis
1139 1643 1273 1728 provin·

215 1759 351 1844 ciaeque
374 1780 444 1823 esse
459 1756 652 1844 adhibitam,
670 1758 731 1821 etsi
748 1756 864 1850 desint
873 1757 1024 1843 exempla
1039 1759 1275 1843 castigatorum

216 1875 424 1960 scriptorum,
456 1895 515 1958 ego
550 1873 632 1938 mihi
667 1873 856 1959 persuadeo.
893 1872 1048 1939 Ceterum
1083 1897 1125 1938 ne
1159 1875 1273 1939 inveni

215 1991 347 2076 quidem
371 1991 405 2053 in
429 1990 485 2055 Do
510 1989 616 2074 Canu.
646 1988 790 2055 Glossar.
808 1990 931 2055 madiae
954 2000 984 2055 ct
1005 1990 1139 2074 infimac
1163 1991 1276 2056 latinia

214 2107 302 2172 tatis.
320 2105 481 2192 Mapoura
500 2105 682 2198 manllssam
700 2108 769 2190 (65)
787 2107 888 2174 habes
905 2108 940 2172 in
955 2109 1074 2174 Luca.
1092 2108 1276 2194 fragmento

216 2223 303 2308 apud
328 2225 417 2290 Fest.
453 2225 468 2260 α
496 2225 655 2288 mantissa
685 2223 822 2288 obsonia
844 2225 960 2289 vincit.
990 2275 1005 2311 „
1038 2223 1174 2313 ldapalla
1204 2227 1273 2310 (58)
1316 2247 1323 2261 Χ

218 2341 365 2404 homines
388 2339 593 2424 negligentes
617 2339 763 2425 explicat
786 2329 977 2423 Buecheler,
1001 2341 1079 2406 dum
1103 2342 1138 2406 in
1162 2343 1292 2408 Vanus

222 2452 339 2541 Georq.
363 2477 406 2520 111
430 2456 513 2522 340:
540 2456 555 2493 “
582 2466 615 2520 et
641 2457 727 2520 raris
755 2455 903 2520 habitata
925 2457 1068 2542 mapalia
1090 2459 1218 2544 tectis,
1242 2467 1277 2526 et

216 2573 295 2636 L1v.
320 2593 400 2636 xxrx
424 2575 484 2639 31:
512 2574 527 2609 “
554 2571 699 2638 familiae
727 2573 852 2660 aliquot
875 2579 953 2638 cum·
977 2574 1163 2660 mapalibus
1179 2597 1273 2662 peco-

216 2685 374 2773 ribusque
396 2689 467 2752 suis
495 2737 510 2774 „
538 2711 596 2773 pro
620 2687 739 2752 casulis
763 2690 942 2754 invenitur.
967 2691 1154 2774 Narratque
1190 2691 1276 2757 SAL-

216 2823 367 2885 nusrrus,
400 2802 480 2889 Jap.
505 2825 579 2868 xm:
607 2805 622 2841 ‘⁴
647 2804 800 2869 aedificia
833 2805 1053 2870 Numidarum
1087 2807 1276 2892 agrestium,

216 2943 300 3008 quae
313 2899 457 3008 mapalia
468 2928 625 3006 vocant„
642 2921 790 2987 Verbum
803 2930 882 2986 este
897 2924 1016 3006 punica
1027 2922 1151 3008 lingua,
1169 2923 1226 2988 sed
1242 2925 1278 2988 in
1369 2910 1371 2914 ’

167 3019 169 3025 ,
216 3038 385 3102 civitatem
402 3045 570 3122 receptum
586 3059 763 3102 romanam.
788 3036 893 3102 Addit
910 3038 1029 3102 Festus
1044 3038 1187 3124 mapalia
1210 3038 1277 3106 dici

217 3154 260 3219 de
282 3155 324 3218 iis
348 3155 403 3240 qui
429 3153 616 3219 inordinate
631 3153 760 3220 vivunt.
778 3155 846 3218 Fac
865 3155 913 3218 ita
929 3177 1014 3218 esse:
1031 3153 1085 3219 hic
1107 3177 1186 3220 vero
1211 3178 1277 3221 non

216 3291 295 3335 sane
318 3269 469 3356 quadrat.
504 3270 664 3352 Magister
692 3269 784 3333 iubet
812 3268 990 3355 discipulos
1021 3281 1112 3336 recta
1142 3272 1192 3335 ire
1219 3271 1275 3337 do·

217 3407 316 3467 mum,
340 3394 372 3450 et
396 3383 522 3451 casulas
545 3407 611 3451 non
632 3371 820 3468 numerare3
843 3385 905 3450 hoc
928 3371 988 3450 est¹
1011 3408 1077 3451 non
1100 3385 1278 3453 subsistere

218 3503 254 3565 in
276 3503 347 3566 via:
372 3501 453 3588 quid
477 3510 586 3566 autem
610 3500 775 3586 significet
805 3523 979 3566 numerare
1002 3500 1149 3567 homines
1174 3503 1279 3588 negli-

218 3627 341 3702 gentes,
377 3617 528 3704 equidem
555 3639 621 3682 non
652 3616 809 3702 intelligo.
841 3618 881 3681 ln
911 3618 967 3683 Du
992 3616 1098 3686 (lane.
1130 3617 1277 3685 Glossar.

218 3735 341 3799 madiae
365 3743 394 3798 ct
424 3733 557 3817 infimae
589 3733 761 3798 latinitatis
790 3743 898 3798 monet
929 3732 1165 3819 Carpenterius
1192 3735 1278 3802 hanc

218 3873 331 3916 vocem
340 3849 489 3935 Vergilio
502 3848 642 3936 aliisque
657 3851 789 3914 Latinis
801 3872 838 3915 eo
850 3849 1017 3916 intellecto
1034 3861 1145 3916 notam
1158 3851 1276 3936 luisse,

217 3977 318 4055 atque
327 3965 610 4032 adeoaGlossario
624 3966 875 4031 amandandum.
885 3966 925 4031 N
923 3990 962 4032 on
969 3965 1080 4037 mitam
1084 3971 1186 4055 panis
1195 3970 1276 4054 (42),

218 4094 258 4151 ut
273 4094 321 4150 est
336 4084 424 4172 apud
440 4085 592 4152 (lernau.
605 4106 705 4149 carm.
721 4104 865 4148 nxxxvrz
879 4085 894 4120 “
909 4075 995 4149 mica
1010 4083 1087 4150 salis
1105 4134 1120 4172 „
1140 4085 1198 4152 sed
1210 4086 1278 4152 sola

219 4203 307 4268 mica
328 4225 387 4289 pro
412 4223 496 4289 pane
519 4201 646 4269 modico
663 4200 801 4288 verbum
818 4199 952 4265 videtur
968 4211 1142 4300 corruptae
1165 4185 1278 4273 latini-
