3416 5306
1278 427 1314 482 39

286 516 555 646 sepulturarum
572 562 620 616 est
645 557 741 617 dives:
759 574 869 633 graeca
885 573 959 616 vox:
979 557 1135 624 ζάπλουτος.
1154 557 1265 617 Exstat
1281 559 1313 617 in

248 661 310 714 not.
328 655 438 730 Tyron.

284 783 425 840 satureum
443 781 494 856 (8).
506 781 551 838 De
567 773 686 838 satureo
698 780 821 854 Plinius,
835 779 953 839 Caelius
965 781 1154 854 Aurelianus,
1166 781 1312 856 Apuleius

247 877 381 938 medicus
390 879 499 952 aliique
509 879 667 954 scriptores
678 885 834 953 corruptae
844 873 1003 938 latinitatis
1012 881 1110 936 multa
1117 880 1313 940 tradiderunt.

248 978 375 1053 Σατύρων
395 977 509 1050 Graeci,
526 977 695 1052 priapiscon
711 979 838 1035 Romani
862 979 1059 1053 appellabant.
1078 978 1163 1048 Quod
1190 979 1234 1036 ita
1261 998 1311 1038 vo·

243 1082 335 1135 catur
363 1095 381 1133 a
406 1081 576 1150 satyrorum
603 1075 774 1150 salacitate;
801 1076 871 1150 quia
895 1063 1117 1134 concitatricem
1138 1077 1201 1134 rim
1222 1077 1313 1134 habet

251 1179 414 1232 satureum.

285 1302 475 1362 saviunculum
495 1301 563 1376 (66).
581 1300 617 1357 Id
635 1306 682 1358 est
695 1300 842 1372 savillum,
851 1319 946 1374 genus
959 1301 1122 1374 placentae.
1136 1299 1194 1359 cfr.
1207 1301 1311 1359 (laton.

249 1400 285 1457 R.
304 1401 339 1456 R.
358 1415 481 1457 cxxxiv.

286 1553 483 1612 scabitudinem
492 1553 561 1626 (99).
571 1551 730 1609 scabitudo
739 1552 818 1610 idem
825 1553 990 1610 acscabies:
997 1551 1046 1610 hic
1053 1570 1158 1612 verum
1164 1553 1310 1610 translate

249 1668 268 1706 a
285 1651 424 1708 Petronio
437 1650 602 1708 adhibetur.
611 1649 700 1725 Apud
711 1651 785 1707 Maii
796 1669 813 1708 e
825 1651 947 1708 Olassic.
960 1655 1038 1708 auct.
1057 1651 1089 1708 in
1100 1651 1234 1724 Ducang.
1250 1652 1311 1710 La-

249 1747 306 1806 xic.
324 1768 342 1804 a
354 1749 405 1821 qni
417 1749 519 1806 ulcera
527 1749 619 1850 habet
627 1749 659 1805 in
669 1749 763 1806 oculis
776 1753 807 1806 et
819 1747 1020 1807 scabitudines
1034 1754 1064 1807 et
1076 1749 1256 1824 albuginem.
1268 1769 1285 1804 ›

284 1903 426 1979 sciniphas
445 1893 521 1977 (98).'
533 1901 647 1959 Graeca
665 1919 739 1960 vox:
753 1910 874 1976 σκνῖφεςε
887 1903 1041 1960 musculae
1052 1901 1258 1976 permolestae,
1271 1901 1309 1957 ci·

248 2001 336 2058 nifes.
354 2001 444 2074 Apud
467 2000 639 2075 Hieronym.
667 2001 698 2057 in
722 2001 795 2059 Ivel.
821 2002 913 2058 1125:
932 2020 949 2056 ι
974 2001 1117 2076 cyniphes
1142 2007 1205 2057 tam
1225 2000 1312 2076 parvi

125 2131 132 2141 ·
249 2104 320 2156 simi
344 2099 464 2157 culices.
488 2119 505 2154 r
530 2098 684 2173 sciniphes
709 2099 799 2156 etiam
823 2098 914 2156 habet
938 2099 1065 2156 Ioannes
1091 2098 1129 2155 de
1156 2099 1250 2156 Ianna
1279 2104 1310 2156 et

247 2197 411 2256 Penisinus
429 2199 460 2254 in
477 2197 548 2257 Vita
565 2197 599 2254 Β.
618 2197 778 2256 Columbae
796 2213 829 2256 v:
848 2197 1018 2272 <deturpat
1036 2197 1230 2271 etaciniphex
1243 2215 1311 2256 can-

249 2295 352 2353 didum
369 2296 491 2354 fontem.
510 2315 528 2352 »

283 2451 395 2508 scobem
415 2447 481 2522 (68).
500 2446 602 2504 Scobis
621 2453 652 2504 et
670 2447 771 2504 scobs:
790 2465 866 2521 quae
885 2465 903 2504 a
920 2447 1002 2520 ligno
1021 2453 1122 2504 secato
1136 2421 1309 2522 pulvismi-

244 2546 405 2605 nutissima
423 2545 540 2618 decidit,
559 2544 638 2618 apud
654 2545 812 2619 plerosque
830 2544 943 2602 mediae
961 2544 1121 2603 latinitatis
1147 2544 1307 2620 scriptores

244 2642 351 2702 fertur.
370 2643 428 2702 cfr.
446 2641 617 2700 Forcellinii
634 2641 735 2700 Lexic.
790 2707 794 2732 Ι

282 2800 443 2858 scordalias
461 2795 529 2872 (59).
548 2794 704 2868 Scordalia,
723 2814 742 2852 a
759 2794 902 2868 scordalo,
921 2794 986 2852 rixa
1004 2794 1115 2852 rustice
1134 2795 1309 2869 appellatur.

281 2927 412 2985 scordalo
433 2922 503 2994 (95).
522 2922 687 2994 Scordalus,
706 2922 790 2980 ferox
808 2922 840 2978 in
859 2921 974 2978 Glossis
992 2921 1064 2978 Isid.
1090 2920 1186 2987 Quam
1204 2939 1309 2980 vocem

246 3022 437 3080 doctissimus
457 3020 603 3077 Graevius
621 3019 755 3076 restituit
779 3020 899 3076 Sueton.
918 3020 996 3091 Aug.
1014 3033 1090 3076 axv:
1109 3039 1127 3073 ‹
1139 3019 1304 3093 Agrippam

244 3123 284 3180 ob
302 3120 454 3194 ingenium
473 3119 640 3176 scordalum
659 3137 693 3175 ac
713 3118 798 3175 ferox
819 3117 976 3176 abdicavit.
999 3137 1017 3174 a
1037 3118 1137 3173 Etiam
1156 3117 1309 3175 invenitur

245 3220 326 3293 apud
343 3219 444 3276 Senec.
456 3236 502 3290 ep.
519 3232 647 3274 urxxrv:
661 3237 678 3271 c
690 3217 806 3273 'Pullius
820 3216 930 3273 cimber
943 3221 974 3273 et
985 3215 1093 3273 mimus
1107 3221 1171 3272 erat
1190 3215 1221 3271 in
1239 3233 1306 3272 con-

245 3318 327 3376 vivio
347 3323 378 3374 et
396 3315 556 3373 scordalus.
575 3334 593 3371 a

281 3443 437 3503 secutuleia
457 3439 619 3514 (acicam
642 3411 741 3496 virum*
757 3439 892 3512 sequitur
911 3438 1042 3496 libidinis
1062 3455 1169 3496 caussa
1176 3457 1183 3511 ;
1204 3439 1308 3496 eadem

245 3542 363 3598 ratione
381 3558 416 3596 ac
435 3538 558 3596 sterteia
576 3539 651 3612 (cap.
672 3539 718 3612 75)
737 3537 898 3594 formatum
916 3538 973 3594 hoc
990 3537 1116 3595 verbum
1134 3536 1263 3595 videtur.

282 3665 458 3727 semicinctio
478 3663 547 3737 (94).
567 3660 788 3722 Semicinctium
816 3667 863 3717 est
889 3679 965 3718 zona
992 3661 1098 3718 media.
1123 3660 1212 3735 Apud
1236 3661 1308 3719 Isid.

244 3763 328 3836 orig.¹
339 3778 393 3820 xix
404 3763 454 3818 23:
465 3782 483 3816 ‹
491 3761 590 3817 minus
602 3762 665 3816 lata
678 3761 903 3818 semicinctium.
916 3761 1117 3818 »Etiamnum
1135 3778 1153 3816 a
1174 3759 1308 3818 Picardis

243 3865 402 3936 praetenta
420 3861 495 3917 haec
512 3857 612 3917 ventri
634 3860 750 3918 castula
768 3861 921 3917 demicciat
939 3859 1115 3933 appellatur,
1135 3864 1171 3916 ut
1193 3858 1225 3915 in
1248 3860 1309 3918 Du·

243 3978 331 4032 cang.
352 3959 484 4016 Glossar.
1237 3949 1244 3962 Ν

277 4079 425 4156 'serteapia
445 4083 504 4157 (56)
522 4083 550 4139 A
569 4081 629 4140 seri
646 4100 722 4157 quae
741 4081 821 4155 apud
837 4080 1001 4138 Varronem
1020 4097 1115 4154 genus
1135 4082 1224 4139 oleris
1247 4086 1304 4138 tra·

243 4183 327 4242 ditur
345 4188 377 4240 et
395 4182 550 4258 sapiendo:
574 4180 652 4256 quod
670 4180 730 4240 seri
749 4179 835 4255 sapit.
854 4181 979 4255 Duplex
998 4179 1179 4240 vocabulum
1203 4179 1306 4240 eadam
