3416 5306
371 521 407 579 36

372 657 419 709 est
437 649 557 709 etmihi
576 649 611 706 de
630 652 706 709 bove
723 650 884 707 Pentheus.
897 669 914 704 a
926 648 1011 706 idem
1028 667 1063 705 ac
1082 649 1180 721 gallus
1199 649 1381 722 gallinaceus
1399 647 1431 704 in

369 749 490 824 frustra,
509 749 654 824 quomodo
672 748 824 806 Pentheus
844 748 914 804 olim
932 766 950 803 a
967 747 1102 818 Bacchis,
1120 747 1278 804 laceratus.

405 903 595 960 Perhaslamus
615 901 673 974 (41)
685 900 879 972 Ρ1111110,,1(1
891 905 939 956 est
950 897 1037 957 valde
1051 899 1176 955 osculor.
1189 899 1313 958 Nullum
1332 903 1432 966 exstas

369 998 428 1055 nisi
436 985 569 1054 Petronii
578 999 754 1072 exemplum.
765 998 812 1055 Sic
823 999 1054 1072 «perosoulatur
1064 1017 1082 1053 1
1091 998 1170 1070 apud
1176 997 1304 1053 Martial.
1312 1011 1376 1070 vm,
1386 997 1432 1059 81.

404 1153 615 1221 Percelooaaant
627 1111 686 1225 (44)
698 1112 893 1224 Peroolop'arc
905 1169 924 1207 a
937 1150 1061 1223 colapho
1074 1148 1241 1206 derivatum
1254 1166 1320 1206 esse
1330 1147 1431 1219 Schei·
1496 1183 1500 1193 ·

369 1247 451 1304 ferus
470 1247 559 1338 vidit:
578 1248 609 1304 id
627 1253 674 1306 est
692 1249 863 1321 frequenter
882 1247 1014 1321 colaphis
1032 1251 1196 1320 percutere.

408 1403 598 1458 Periunclorle
618 1400 677 1474 (11)
687 1399 842 1473 Languide
862 1406 892 1456 et
911 1399 1080 1456 oscitanter.
1093 1398 1182 1472 Apud
1199 1398 1351 1472 Papinian.
1364 1399 1432 1472 Dig.

369 1498 547 1553 xx1x521:
574 1519 592 1554 ς
613 1498 664 1570 qui
680 1518 740 1555 non
757 1499 956 1570 perfunctorie
983 1497 1115 1554 debitum
1139 1495 1267 1554 officium
1290 1497 1431 1570 impleve-

283 1580 287 1587 ⁸
367 1597 578 1658 rant.»Etia1n
595 1597 746 1653 invenitur
764 1597 843 1670 apud
861 1596 1001 1670 Egesipp.
1020 1613 1032 1652 1
1051 1596 1097 1652 17:
1116 1615 1134 1650 ‹
1146 1614 1205 1652 non
1226 1595 1428 1668 perfunctorie

367 1693 467 1765 itaque
486 1695 518 1748 in
536 1694 601 1767 ipso
618 1695 739 1768 praelio,
760 1714 777 1749 a
796 1697 875 1768 apud
887 1695 1022 1752 Vincent.
1034 1693 1180 1750 Lirinens.
1200 1693 1429 1767 «perfunctorie

369 1797 546 1862 prosecutus
566 1798 621 1848 est.
648 1813 665 1848 s

404 1943 567 2000 Perielaslm
588 1944 648 2016 (48)
660 1943 821 2000 Peristasis
834 1949 880 2000 est
894 1942 972 2016 quod
990 1944 1171 2015 circumstat,
1190 1942 1358 2016 argumenti
1376 1942 1429 1998 cir·

365 2040 556 2096 cumstantia:
575 2043 734 2115 περίστασις.
756 2043 879 2099 Nullum
896 2041 955 2098 nisi
973 2041 1106 2098 Petronii
1124 2046 1225 2098 exstat
1243 2042 1420 2114 exemplum.
1529 2064 1531 2068 ·

403 2195 618 2252 Palam-islarius
633 2177 691 2267 (47')
704 2193 939 2250 Petauristarius
951 2193 1030 2249 idem
1048 2212 1083 2250 ac
1101 2194 1268 2266 petaurista
1284 2192 1381 2249 fertur
1396 2191 1428 2249 in

366 2295 428 2345 not.
443 2290 500 2346 Tir.
519 2310 547 2364 p.
567 2292 627 2363 173,
647 2291 771 2364 aliisque
790 2293 905 2350 mediae
922 2291 1081 2348 latinitatis
1095 2289 1243 2364 operibus.

403 2443 548 2501 Pharnace
567 2443 643 2516 (107)
656 2444 840 2501 Pharmacus
854 2449 904 2500 est·
913 2443 1071 2515 veneficus,
1085 2443 1258 2522 sacrilegus,
1271 2443 1427 2515 scelestus,

365 2537 449 2593 utin
467 2539 587 2610 glossis.
607 2540 666 2597 Ofr.
684 2541 801 2614 Apulei.
820 2557 857 2611 1x,
876 2541 1026 2597 Heliodor.
1045 2556 1101 2598 vm
1119 2546 1150 2596 et
1167 2539 1289 2613 passim.

400 2691 516 2748 Phialam
531 2659 590 2763 (51)
603 2691 708 2747 Phiala
722 2697 768 2748 est
776 2693 876 2766 poculi
885 2709 994 2764 genus:
1005 2710 1111 2765 graece
1120 2693 1216 2767 φιάλη.
1225 2692 1313 2765 Apud
1322 2692 1425 2750 Iuveu.

363 2799 383 2840 v
407 2785 457 2841 37:
480 2793 590 2845 «tenet
610 2790 735 2861 phialas,
754 2810 772 2845 a
793 2792 872 2862 apud
890 2791 1018 2847 Martial.
1031 2806 1087 2846 vm
1107 2791 1154 2847 51:
1175 2811 1193 2845 <c
1205 2791 1271 2864 quis
1292 2792 1376 2847 labor
1395 2789 1427 2844 in

362 2882 470 2956 phiala,
484 2904 502 2939 a
516 2886 594 2959 apud
605 2887 681 2943 Plin.
702 2901 800 2946 xxxnr
819 2891 853 2945 12
872 2889 922 2944 55:
942 2909 960 2944 c
972 2889 1003 2943 in
1021 2889 1139 2961 phialae
1158 2890 1334 2946 emblemate
1346 2907 1373 2946 a.

399 3036 599 3097 Plelalloullrix
617 3039 676 3113 (55)
689 3040 744 3096 Est
758 3040 869 3096 cultrix
885 3040 1017 3113 pietatis.
1027 3040 1075 3096 Sic
1088 3059 1154 3098 esse
1166 3041 1327 3114 legendum
1338 3046 1424 3116 patet

362 3133 441 3204 apud
470 3134 635 3192 Cassiodor.
659 3154 684 3193 11
707 3138 741 3192 14
766 3139 845 3211 apud
872 3138 986 3194 Aelian.
1015 3139 1085 3195 hist.
1114 3139 1232 3196 animal.
1257 3156 1293 3196 m
1322 3141 1364 3212 24,
1394 3147 1425 3196 et

359 3231 481 3302 passim.
499 3233 548 3288 Ita
566 3234 656 3290 etiam
675 3236 754 3308 apud
771 3236 895 3293 Phaedr.
914 3237 1169 3310 ‹nemoricultrix,
1183 3257 1201 3293 a
1218 3239 1298 3312 apud
1315 3238 1423 3296 Catuli.

303 3377 306 3382 .
362 3345 380 3381 c
399 3328 578 3387 silvicultrix
593 3350 620 3389 ».

396 3498 536 3567 Plaioieca
555 3500 632 3573 (140)
651 3505 675 3557 Α
694 3503 821 3576 capitem,
839 3502 919 3575 quod
937 3503 1054 3577 proprie
1068 3511 1115 3561 est
1134 3523 1202 3562 oum
1214 3524 1320 3564 averso
1333 3505 1420 3564 coire.

360 3595 455 3662 Quam
473 3598 651 3668 positionem
670 3602 787 3672 puellae
806 3619 895 3673 super
919 3603 1154 3660 commendatam
1172 3605 1335 3662 bonitatem
1358 3625 1422 3678 pro·

360 3693 423 3766 prie
443 3695 574 3752 sedentis
587 3697 732 3768 quaedam
750 3699 782 3754 in
792 3700 967 3772 pompeiano
985 3701 1127 3783 lupanare
1139 3702 1256 3775 pictura
1267 3704 1423 3777 perspicue

359 3790 502 3848 illustrat.

393 3961 502 4018 Plaelae
535 3961 593 4035 (88)
623 3963 742 4021 Plastes
773 3971 820 4022 est
847 3967 1026 4025 statuarius:
1048 3987 1157 4041 graeca
1183 3987 1257 4027 vox:
1281 3971 1416 4046 πλάστηςς

357 4073 432 4128 quae
452 4057 542 4114 etiam
559 4059 657 4117 fertur
675 4062 754 4134 apud
772 4064 876 4120 Vellei.
903 4066 1019 4122 Patere.
1038 4082 1050 4121 1
1069 4068 1119 4123 17:
1137 4087 1155 4123 c
1166 4069 1230 4126 Hoc
1254 4068 1334 4126 idem
1352 4087 1418 4128 eve·

354 4153 436 4210 nisse
445 4159 656 4232 grammaticis,
666 4162 781 4234 plastis,
790 4162 962 4235 pictoribus,
980 4166 1214 4239 sculptoribus»,
1226 4174 1256 4227 et
1275 4167 1355 4242 apud
1369 4168 1419 4225 Vi-

354 4255 486 4310 truvium
503 4254 690 4331 Pliniumque
708 4259 835 4334 inueniri
852 4268 962 4334 potest.
