3416 5306
1281 458 1299 512 5

239 592 387 659 iocorum
403 600 436 657 et
451 599 565 658 auctor
580 592 776 679 purissimae
797 593 999 680 impuritatis
1015 602 1154 660 vocatur
1170 615 1191 659 a
1205 594 1298 660 Iusto

240 707 360 795 Lipsio¹
380 709 566 793 Petronius,
589 729 687 797 quem
704 709 880 775 (lonsalius
904 710 944 790 dc
969 705 1063 776 Salas
1078 711 1190 777 virum
1214 709 1299 776 inlu·

241 827 301 890 stri
329 825 462 910 ingenio
481 826 678 912 praeditum,
695 849 821 892 summa
838 825 988 891 doctrina
1008 826 1175 892 excultum
1195 829 1301 913 poeti·
1375 894 1383 910 ‚

241 963 344 1034 caque
360 941 517 1008 facultate
534 943 685 1008 divinum
701 944 890 1028 proclamat.
909 943 1084 1009 Caeterum
1108 965 1173 1009 nou
1191 942 1301 1009 nullae

240 1063 277 1126 in
300 1061 460 1147 reliquiis,
485 1083 569 1148 quae
593 1069 779 1146 supersunt,
809 1082 925 1147 parum
951 1061 1101 1148 pudicae,
1131 1059 1301 1152 fatendum

243 1189 301 1263 est,
324 1178 593 1244 narratiunculae
610 1186 786 1244 occurrunt
802 1177 979 1264 dispersae,
995 1187 1028 1243 et
1051 1199 1133 1265 quae
1151 1176 1300 1244 fortassis

242 1305 350 1360 castas
380 1315 476 1359 aures
506 1293 595 1359 haud
624 1295 788 1358 immerito
818 1293 993 1358 ostendant.
1014 1292 1071 1358 -At
1100 1292 1302 1358 meherculse

242 1409 396 1497 (ideoque
424 1411 634 1476 Burmannus
649 1410 760 1475 virum
776 1409 1018 1475 sanctissimum
1042 1407 1221 1496 appellavit
1241 1410 1302 1474 Pe·

243 1527 401 1606 tronium)
415 1527 464 1592 sui
482 1528 556 1592 aevi
571 1517 718 1611 flagitiis,
735 1526 769 1590 in
784 1546 869 1613 quae
886 1525 1065 1610 invehitur,
1082 1524 1165 1591 illud
1180 1525 1303 1612 potius,
1361 1583 1364 1587 .

243 1664 343 1730 quam
365 1643 591 1732 impudentias
607 1664 695 1726 suae,
720 1643 784 1707 erit
807 1642 1052 1728 imputandum
1068 1632 1233 1729 etiamque
1249 1642 1304 1707 in-

244 1760 333 1844 genii
357 1762 579 1847 praestantiae
603 1770 636 1827 et
659 1758 910 1846 incomparabili
934 1735 1140 1845 eloquentiae
1164 1758 1301 1844 scripto·

244 1877 302 1942 ris.
324 1877 518 1944 Guirandus
540 1876 717 1942 Alesianus
733 1876 925 1941 Petronium
949 1874 1071 1958 laudat,
1096 1875 1175 1961 quia
1199 1873 1303 1939 multa

243 1990 374 2078 placent
386 1995 422 2058 in
434 1994 556 2079 satiris,
569 1995 638 2059 sive
651 1992 811 2058 defaecati
824 1991 983 2058 sermonis
995 1991 1153 2077 puritiam
1166 1999 1304 2077 spectes,

226 2126 228 2130 ·
246 2131 357 2176 merus
373 2109 473 2198 lepos,
490 2111 561 2176 sive
576 2111 701 2196 priscas
717 2110 922 2194 negotiorum
947 2107 1115 2192 formulas,
1132 2107 1255 2173 multae
1271 2117 1305 2174 et

246 2227 421 2311 elegantes.
438 2227 591 2313 Optimus
607 2235 641 2292 et
657 2226 833 2311 singularis
849 2223 964 2290 iudicii
980 2233 1078 2310 poeta
1093 2204 1226 2289 videtur
1241 2225 1303 2291 Pe-

245 2345 374 2410 tronius
390 2344 528 2430 Caspari
544 2342 697 2428 Barthiu3
714 2340 837 2418 artifex
853 2340 1061 2426 voluptatum
1078 2340 1250 2406 Theodoro
1263 2339 1305 2406 de

244 2463 359 2548 luges,
387 2462 474 2526 inter
489 2483 599 2526 omnes
612 2469 776 2548 'quotquot
792 2459 912 2524 satiras
928 2458 1103 2543 scripsere,
1120 2457 1305 2544 speculator

246 2579 476 2665 sagacissimus
493 2579 619 2644 auctori
636 2577 853 2662 praefationis
870 2596 953 2662 quae
976 2575 1113 2640 editioni
1139 2575 1305 2662 parisinae

245 2698 325 2764 anni
348 2717 535 2762 mnunxxvn
558 2694 762 2782 praeligitur.
794 2695 898 2760 Nemo
928 2693 1072 2780 lepidius
1096 2689 1208 2779 populi
1236 2711 1306 2792 mo,-

244 2837 298 2880 res
314 2815 503 2900 maioreque
523 2812 632 2878 studio
656 2820 688 2878 et
703 2811 807 2877 animi
829 2810 981 2896 candore,
1005 2831 1104 2897 quam
1119 2806 1306 2890 Petronius,

245 2929 400 2997 ostendit.
