<?xml version="1.0" encoding="UTF-8"?>
<!DOCTYPE html PUBLIC "-//W3C//DTD XHTML 1.0 Transitional//EN"
    "http://www.w3.org/TR/xhtml1/DTD/xhtml1-transitional.dtd">
<html xmlns="http://www.w3.org/1999/xhtml" xml:lang="en" lang="en">
 <head>
  <title>
</title>
<meta http-equiv="Content-Type" content="text/html;charset=utf-8" />
  <meta name='ocr-system' content='tesseract 3.04.00' />
  <meta name='ocr-capabilities' content='ocr_page ocr_carea ocr_par ocr_line ocrx_word'/>
</head>
<body>
  <div class='ocr_page' id='page_1' title='image "./depetroniisermo00cesagoog_0016.png"; bbox 0 0 3416 5306; ppageno 0'>
   <div class='ocr_carea' id='block_1_1' title="bbox 1275 439 1293 492">
    <p class='ocr_par' dir='ltr' id='par_1_1' title="bbox 1275 439 1293 492">
     <span class='ocr_line' id='line_1_1' title="bbox 1275 439 1293 492; baseline 0 0"><span class='ocrx_word' id='word_1_1' title='bbox 1275 439 1293 492; x_wconf 89' lang='grc'>7</span> 
     </span>
    </p>
   </div>
   <div class='ocr_carea' id='block_1_2' title="bbox 150 561 1375 3791">
    <p class='ocr_par' dir='ltr' id='par_1_2' title="bbox 150 561 1375 3791">
     <span class='ocr_line' id='line_1_2' title="bbox 233 561 1293 658; baseline 0.008 -30"><span class='ocrx_word' id='word_1_2' title='bbox 233 583 380 649; x_wconf 89' lang='lat' dir='ltr'><strong>unquam</strong></span> <span class='ocrx_word' id='word_1_3' title='bbox 396 561 476 628; x_wconf 87' lang='lat' dir='ltr'><strong>dare</strong></span> <span class='ocrx_word' id='word_1_4' title='bbox 499 562 605 631; x_wconf 90' lang='lat' dir='ltr'><strong>voluit</strong></span> <span class='ocrx_word' id='word_1_5' title='bbox 628 586 755 650; x_wconf 89' lang='lat' dir='ltr'><strong>manus,</strong></span> <span class='ocrx_word' id='word_1_6' title='bbox 779 567 827 632; x_wconf 89' lang='lat' dir='ltr'><strong>ita</strong></span> <span class='ocrx_word' id='word_1_7' title='bbox 842 567 900 653; x_wconf 91' lang='lat' dir='ltr'><strong>qui</strong></span> <span class='ocrx_word' id='word_1_8' title='bbox 924 567 966 633; x_wconf 87' lang='lat' dir='ltr'><strong>ad</strong></span> <span class='ocrx_word' id='word_1_9' title='bbox 989 568 1117 636; x_wconf 86' lang='lat' dir='ltr'><strong>exitum</strong></span> <span class='ocrx_word' id='word_1_10' title='bbox 1140 591 1206 636; x_wconf 93' lang='lat' dir='ltr'><strong>non</strong></span> <span class='ocrx_word' id='word_1_11' title='bbox 1220 593 1293 658; x_wconf 90' lang='lat' dir='ltr'><strong>per·</strong></span> 
     </span>
     <span class='ocr_line' id='line_1_3' title="bbox 232 677 1294 772; baseline 0.008 -29"><span class='ocrx_word' id='word_1_12' title='bbox 232 677 402 744; x_wconf 86' lang='lat' dir='ltr'><strong>duxerunt</strong></span> <span class='ocrx_word' id='word_1_13' title='bbox 425 678 576 746; x_wconf 86' lang='lat' dir='ltr'><strong>difficiles</strong></span> <span class='ocrx_word' id='word_1_14' title='bbox 599 681 896 768; x_wconf 66' lang='lat' dir='ltr'><strong>interpretationes,</strong></span> <span class='ocrx_word' id='word_1_15' title='bbox 921 685 957 748; x_wconf 93' lang='lat' dir='ltr'><strong>in</strong></span> <span class='ocrx_word' id='word_1_16' title='bbox 979 684 1199 772; x_wconf 84' lang='lat' dir='ltr'><strong>corruptelam</strong></span> <span class='ocrx_word' id='word_1_17' title='bbox 1223 708 1294 752; x_wconf 86' lang='lat' dir='ltr'><strong>ma-</strong></span> 
     </span>
     <span class='ocr_line' id='line_1_4' title="bbox 229 797 1292 885; baseline 0.005 -21"><span class='ocrx_word' id='word_1_18' title='bbox 229 797 474 883; x_wconf 86' lang='lat' dir='ltr'><strong>nuscriptorum</strong></span> <span class='ocrx_word' id='word_1_19' title='bbox 486 799 696 885; x_wconf 80' lang='lat' dir='ltr'><strong>potiusquam</strong></span> <span class='ocrx_word' id='word_1_20' title='bbox 711 800 852 864; x_wconf 90' lang='lat' dir='ltr'><strong>insuam</strong></span> <span class='ocrx_word' id='word_1_21' title='bbox 871 801 1080 866; x_wconf 80' lang='lat' dir='ltr'><strong>inscientiam</strong></span> <span class='ocrx_word' id='word_1_22' title='bbox 1092 802 1204 868; x_wconf 91' lang='lat' dir='ltr'><strong>statim</strong></span> <span class='ocrx_word' id='word_1_23' title='bbox 1216 825 1292 869; x_wconf 91' lang='lat' dir='ltr'><strong>con·</strong></span> 
     </span>
     <span class='ocr_line' id='line_1_5' title="bbox 229 912 1294 1005; baseline 0.006 -26"><span class='ocrx_word' id='word_1_24' title='bbox 229 912 378 980; x_wconf 88' lang='lat' dir='ltr'><strong>tulerunt</strong></span> <span class='ocrx_word' id='word_1_25' title='bbox 399 913 542 1001; x_wconf 88' lang='lat' dir='ltr'><strong>culpam.</strong></span> <span class='ocrx_word' id='word_1_26' title='bbox 572 917 624 980; x_wconf 90' lang='lat' dir='ltr'><strong>Ne</strong></span> <span class='ocrx_word' id='word_1_27' title='bbox 653 915 769 1000; x_wconf 85' lang='lat' dir='ltr'><strong>longus</strong></span> <span class='ocrx_word' id='word_1_28' title='bbox 799 917 873 1000; x_wconf 90' lang='lat' dir='ltr'><strong>sim,</strong></span> <span class='ocrx_word' id='word_1_29' title='bbox 903 916 1136 1005; x_wconf 86' lang='lat' dir='ltr'><strong>Hadrianique</strong></span> <span class='ocrx_word' id='word_1_30' title='bbox 1166 919 1294 985; x_wconf 87' lang='lat' dir='ltr'><strong>Valesii</strong></span> 
     </span>
     <span class='ocr_line' id='line_1_6' title="bbox 228 1030 1294 1120; baseline 0.005 -25"><span class='ocrx_word' id='word_1_31' title='bbox 228 1030 395 1116; x_wconf 86' lang='lat' dir='ltr'><strong>proferam</strong></span> <span class='ocrx_word' id='word_1_32' title='bbox 434 1034 466 1097; x_wconf 90' lang='lat' dir='ltr'><strong>in</strong></span> <span class='ocrx_word' id='word_1_33' title='bbox 498 1031 655 1120; x_wconf 88' lang='lat' dir='ltr'><strong>pleraque</strong></span> <span class='ocrx_word' id='word_1_34' title='bbox 689 1032 851 1098; x_wconf 89' lang='lat' dir='ltr'><strong>vocabula</strong></span> <span class='ocrx_word' id='word_1_35' title='bbox 880 1055 945 1099; x_wconf 91' lang='lat' dir='ltr'><strong>non</strong></span> <span class='ocrx_word' id='word_1_36' title='bbox 974 1033 1070 1100; x_wconf 91' lang='lat' dir='ltr'><strong>modo</strong></span> <span class='ocrx_word' id='word_1_37' title='bbox 1100 1034 1189 1120; x_wconf 89' lang='lat' dir='ltr'><strong>apud</strong></span> <span class='ocrx_word' id='word_1_38' title='bbox 1220 1035 1294 1100; x_wconf 91' lang='lat' dir='ltr'><strong>aevi</strong></span> 
     </span>
     <span class='ocr_line' id='line_1_7' title="bbox 229 1147 1295 1234; baseline 0.005 -22"><span class='ocrx_word' id='word_1_39' title='bbox 229 1147 331 1213; x_wconf 88' lang='lat' dir='ltr'><strong>medii</strong></span> <span class='ocrx_word' id='word_1_40' title='bbox 359 1149 535 1234; x_wconf 85' lang='lat' dir='ltr'><strong>scriptores</strong></span> <span class='ocrx_word' id='word_1_41' title='bbox 565 1148 623 1213; x_wconf 92' lang='lat' dir='ltr'><strong>sed</strong></span> <span class='ocrx_word' id='word_1_42' title='bbox 655 1149 756 1214; x_wconf 89' lang='lat' dir='ltr'><strong>etiam</strong></span> <span class='ocrx_word' id='word_1_43' title='bbox 780 1150 879 1215; x_wconf 88' lang='lat' dir='ltr'><strong>seculi</strong></span> <span class='ocrx_word' id='word_1_44' title='bbox 902 1149 1065 1234; x_wconf 87' lang='lat' dir='ltr'><strong>Augustei</strong></span> <span class='ocrx_word' id='word_1_45' title='bbox 1088 1154 1295 1218; x_wconf 86' lang='lat' dir='ltr'><strong>occurrentia</strong></span> 
     </span>
     <span class='ocr_line' id='line_1_8' title="bbox 229 1263 1292 1350; baseline 0.008 -22"><span class='ocrx_word' id='word_1_46' title='bbox 229 1263 485 1350; x_wconf 83' lang='lat' dir='ltr'><strong>obiurgationes,</strong></span> <span class='ocrx_word' id='word_1_47' title='bbox 517 1266 714 1332; x_wconf 85' lang='lat' dir='ltr'><strong>Franciscus</strong></span> <span class='ocrx_word' id='word_1_48' title='bbox 742 1265 933 1348; x_wconf 75' lang='lat' dir='ltr'><strong>Buecheler,</strong></span> <span class='ocrx_word' id='word_1_49' title='bbox 966 1268 1075 1335; x_wconf 91' lang='lat' dir='ltr'><strong>editor</strong></span> <span class='ocrx_word' id='word_1_50' title='bbox 1112 1270 1292 1336; x_wconf 90' lang='lat' dir='ltr'><strong>satirarum</strong></span> 
     </span>
     <span class='ocr_line' id='line_1_9' title="bbox 229 1381 1293 1471; baseline 0.006 -27"><span class='ocrx_word' id='word_1_51' title='bbox 229 1381 512 1468; x_wconf 85' lang='lat' dir='ltr'><strong>diligentissimus,</strong></span> <span class='ocrx_word' id='word_1_52' title='bbox 544 1383 648 1448; x_wconf 90' lang='lat' dir='ltr'><strong>indici</strong></span> <span class='ocrx_word' id='word_1_53' title='bbox 679 1383 827 1448; x_wconf 90' lang='lat' dir='ltr'><strong>sordium</strong></span> <span class='ocrx_word' id='word_1_54' title='bbox 858 1383 1155 1471; x_wconf 89' lang='lat' dir='ltr'><strong>glossematumque</strong></span> <span class='ocrx_word' id='word_1_55' title='bbox 1184 1384 1293 1452; x_wconf 86' lang='lat' dir='ltr'><strong>libelli</strong></span> 
     </span>
     <span class='ocr_line' id='line_1_10' title="bbox 228 1496 1292 1588; baseline 0.004 -26"><span class='ocrx_word' id='word_1_56' title='bbox 228 1496 334 1563; x_wconf 91' lang='lat' dir='ltr'><strong>multa</strong></span> <span class='ocrx_word' id='word_1_57' title='bbox 358 1499 635 1581; x_wconf 83' lang='lat' dir='ltr'><strong>immiscerenon</strong></span> <span class='ocrx_word' id='word_1_58' title='bbox 663 1500 787 1585; x_wconf 89' lang='lat' dir='ltr'><strong>timuit,</strong></span> <span class='ocrx_word' id='word_1_59' title='bbox 815 1520 899 1587; x_wconf 85' lang='lat' dir='ltr'><strong>quae</strong></span> <span class='ocrx_word' id='word_1_60' title='bbox 923 1500 1010 1588; x_wconf 89' lang='lat' dir='ltr'><strong>apud</strong></span> <span class='ocrx_word' id='word_1_61' title='bbox 1038 1499 1207 1567; x_wconf 92' lang='lat' dir='ltr'><strong>Lucilium</strong></span> <span class='ocrx_word' id='word_1_62' title='bbox 1234 1503 1292 1568; x_wconf 88' lang='lat' dir='ltr'><strong>Li·</strong></span> 
     </span>
     <span class='ocr_line' id='line_1_11' title="bbox 150 1612 1306 1704; baseline 0.003 -26"><span class='ocrx_word' id='word_1_63' title='bbox 150 1644 155 1648; x_wconf 88' lang='grc'><strong><em>·</em></strong></span> <span class='ocrx_word' id='word_1_64' title='bbox 229 1612 658 1703; x_wconf 83' lang='lat' dir='ltr'><strong>viumque·0iceronemque</strong></span> <span class='ocrx_word' id='word_1_65' title='bbox 674 1637 771 1703; x_wconf 90' lang='lat' dir='ltr'><strong>saepe</strong></span> <span class='ocrx_word' id='word_1_66' title='bbox 783 1618 1008 1683; x_wconf 88' lang='lat' dir='ltr'><strong>inveniuntur.</strong></span> <span class='ocrx_word' id='word_1_67' title='bbox 1021 1618 1119 1701; x_wconf 83' lang='lat' dir='ltr'><strong>Ecce,</strong></span> <span class='ocrx_word' id='word_1_68' title='bbox 1133 1617 1292 1704; x_wconf 86' lang='lat' dir='ltr'><strong>exemplis</strong></span> <span class='ocrx_word' id='word_1_69' title='bbox 1304 1663 1306 1668; x_wconf 61' lang='lat'><em>.</em></span> 
     </span>
     <span class='ocr_line' id='line_1_12' title="bbox 229 1729 1289 1821; baseline 0.003 -26"><span class='ocrx_word' id='word_1_70' title='bbox 229 1729 389 1796; x_wconf 89' lang='lat' dir='ltr'><strong>confirmo</strong></span> <span class='ocrx_word' id='word_1_71' title='bbox 412 1733 624 1799; x_wconf 88' lang='lat' dir='ltr'><strong>sententiam:</strong></span> <span class='ocrx_word' id='word_1_72' title='bbox 641 1734 772 1798; x_wconf 90' lang='lat' dir='ltr'><strong>Petron.</strong></span> <span class='ocrx_word' id='word_1_73' title='bbox 790 1733 881 1799; x_wconf 89' lang='lat' dir='ltr'><strong>satir.</strong></span> <span class='ocrx_word' id='word_1_74' title='bbox 898 1743 930 1798; x_wconf 91' lang='lat' dir='ltr'><strong>ct</strong></span> <span class='ocrx_word' id='word_1_75' title='bbox 945 1733 1022 1799; x_wconf 90' lang='lat' dir='ltr'><strong>libr.</strong></span> <span class='ocrx_word' id='word_1_76' title='bbox 1039 1733 1208 1821; x_wconf 84' lang='lat' dir='ltr'><strong>Priapeor.</strong></span> <span class='ocrx_word' id='word_1_77' title='bbox 1225 1743 1289 1800; x_wconf 89' lang='lat' dir='ltr'><strong>ter-</strong></span> 
     </span>
     <span class='ocr_line' id='line_1_13' title="bbox 230 1832 1360 1934; baseline 0.004 -22"><span class='ocrx_word' id='word_1_78' title='bbox 230 1847 315 1913; x_wconf 91' lang='lat' dir='ltr'><strong>tium</strong></span> <span class='ocrx_word' id='word_1_79' title='bbox 338 1847 444 1914; x_wconf 89' lang='lat' dir='ltr'><strong>edidit</strong></span> <span class='ocrx_word' id='word_1_80' title='bbox 467 1850 525 1915; x_wconf 82' lang='lat' dir='ltr'><strong>Fr.</strong></span> <span class='ocrx_word' id='word_1_81' title='bbox 549 1848 739 1934; x_wconf 81' lang='lat' dir='ltr'><strong>Buecheler,</strong></span> <span class='ocrx_word' id='word_1_82' title='bbox 762 1848 920 1933; x_wconf 88' lang='lat' dir='ltr'><strong>Berolini,</strong></span> <span class='ocrx_word' id='word_1_83' title='bbox 943 1869 1180 1916; x_wconf 82' lang='lat' dir='ltr'><strong>nncocnxxxrr.</strong></span> <span class='ocrx_word' id='word_1_84' title='bbox 1358 1832 1360 1837; x_wconf 42' lang='grc'><strong>’</strong></span> 
     </span>
     <span class='ocr_line' id='line_1_14' title="bbox 155 1963 1292 2050; baseline 0 -20"><span class='ocrx_word' id='word_1_85' title='bbox 155 2019 160 2030; x_wconf 92' lang='grc'><em>.</em></span> <span class='ocrx_word' id='word_1_86' title='bbox 275 1963 455 2036; x_wconf 73' lang='lat' dir='ltr'><strong>Advenlicia</strong></span> <span class='ocrx_word' id='word_1_87' title='bbox 490 1965 571 2050; x_wconf 82' lang='lat'><strong>(90),</strong></span> <span class='ocrx_word' id='word_1_88' title='bbox 611 1963 736 2048; x_wconf 83' lang='lat' dir='ltr'><strong>allusio,</strong></span> <span class='ocrx_word' id='word_1_89' title='bbox 759 1963 866 2031; x_wconf 86' lang='lat' dir='ltr'><strong>fertur</strong></span> <span class='ocrx_word' id='word_1_90' title='bbox 893 1964 928 2029; x_wconf 93' lang='lat' dir='ltr'><strong>in</strong></span> <span class='ocrx_word' id='word_1_91' title='bbox 956 1964 1093 2049; x_wconf 77' lang='lat' dir='ltr'><strong>Glossis,</strong></span> <span class='ocrx_word' id='word_1_92' title='bbox 1127 1963 1171 2033; x_wconf 89' lang='lat' dir='ltr'><strong>ad</strong></span> <span class='ocrx_word' id='word_1_93' title='bbox 1193 1988 1292 2032; x_wconf 86' lang='lat' dir='ltr'><strong>cenae</strong></span> 
     </span>
     <span class='ocr_line' id='line_1_15' title="bbox 226 2078 1291 2170; baseline 0 -24"><span class='ocrx_word' id='word_1_94' title='bbox 226 2078 478 2168; x_wconf 87' lang='lat' dir='ltr'><strong>praebitionem,</strong></span> <span class='ocrx_word' id='word_1_95' title='bbox 502 2102 586 2170; x_wconf 88' lang='lat' dir='ltr'><strong>quae</strong></span> <span class='ocrx_word' id='word_1_96' title='bbox 610 2079 805 2146; x_wconf 89' lang='lat' dir='ltr'><strong>adventoria</strong></span> <span class='ocrx_word' id='word_1_97' title='bbox 832 2080 965 2146; x_wconf 85' lang='lat' dir='ltr'><strong>dicitnr.</strong></span> <span class='ocrx_word' id='word_1_98' title='bbox 993 2082 1152 2147; x_wconf 89' lang='lat' dir='ltr'><strong>Attamen</strong></span> <span class='ocrx_word' id='word_1_99' title='bbox 1182 2087 1291 2148; x_wconf 83' lang='lat' dir='ltr'><strong>exstat</strong></span> 
     </span>
     <span class='ocr_line' id='line_1_16' title="bbox 227 2179 1290 2289; baseline 0.001 -28"><span class='ocrx_word' id='word_1_100' title='bbox 227 2195 415 2285; x_wconf 87' lang='lat' dir='ltr'><strong>exemplum</strong></span> <span class='ocrx_word' id='word_1_101' title='bbox 439 2197 588 2266; x_wconf 81' lang='lat' dir='ltr'><strong>Sunrou.</strong></span> <span class='ocrx_word' id='word_1_102' title='bbox 620 2179 728 2262; x_wconf 68' lang='lat' dir='ltr'><strong>Vlietl.</strong></span> <span class='ocrx_word' id='word_1_103' title='bbox 757 2197 1006 2289; x_wconf 79' lang='lat' dir='ltr'><strong>“famosissima</strong></span> <span class='ocrx_word' id='word_1_104' title='bbox 1021 2218 1120 2285; x_wconf 80' lang='lat' dir='ltr'><strong>super</strong></span> <span class='ocrx_word' id='word_1_105' title='bbox 1142 2207 1290 2264; x_wconf 85' lang='lat' dir='ltr'><strong>caeteras</strong></span> 
     </span>
     <span class='ocr_line' id='line_1_17' title="bbox 227 2309 1288 2399; baseline -0.001 -20"><span class='ocrx_word' id='word_1_106' title='bbox 227 2336 308 2380; x_wconf 86' lang='lat' dir='ltr'><strong>cena</strong></span> <span class='ocrx_word' id='word_1_107' title='bbox 324 2309 355 2378; x_wconf 89' lang='lat' dir='ltr'><strong>ei</strong></span> <span class='ocrx_word' id='word_1_108' title='bbox 367 2314 445 2379; x_wconf 87' lang='lat' dir='ltr'><strong>data</strong></span> <span class='ocrx_word' id='word_1_109' title='bbox 461 2313 649 2379; x_wconf 89' lang='lat' dir='ltr'><strong>adventicia</strong></span> <span class='ocrx_word' id='word_1_110' title='bbox 665 2336 684 2378; x_wconf 90' lang='lat' dir='ltr'><strong>a</strong></span> <span class='ocrx_word' id='word_1_111' title='bbox 700 2313 803 2378; x_wconf 87' lang='lat' dir='ltr'><strong>fratre</strong></span> <span class='ocrx_word' id='word_1_112' title='bbox 822 2322 886 2399; x_wconf 89' lang='lat' dir='ltr'><strong>,et</strong></span> <span class='ocrx_word' id='word_1_113' title='bbox 899 2311 1017 2379; x_wconf 82' lang='lat' dir='ltr'><strong>Orcnn.</strong></span> <span class='ocrx_word' id='word_1_114' title='bbox 1038 2312 1156 2379; x_wconf 81' lang='lat' dir='ltr'><strong>“bona</strong></span> <span class='ocrx_word' id='word_1_115' title='bbox 1167 2313 1288 2380; x_wconf 80' lang='lat' dir='ltr'><strong>adven</strong></span> 
     </span>
     <span class='ocr_line' id='line_1_18' title="bbox 228 2426 1286 2515; baseline -0.001 -20"><span class='ocrx_word' id='word_1_116' title='bbox 228 2430 358 2515; x_wconf 83' lang='lat' dir='ltr'><strong>ticia,</strong></span> <span class='ocrx_word' id='word_1_117' title='bbox 391 2429 517 2495; x_wconf 89' lang='lat' dir='ltr'><strong>Verum</strong></span> <span class='ocrx_word' id='word_1_118' title='bbox 545 2428 743 2515; x_wconf 88' lang='lat' dir='ltr'><strong>interpretes</strong></span> <span class='ocrx_word' id='word_1_119' title='bbox 768 2426 824 2492; x_wconf 90' lang='lat' dir='ltr'><strong>hic</strong></span> <span class='ocrx_word' id='word_1_120' title='bbox 849 2429 1011 2494; x_wconf 87' lang='lat' dir='ltr'><strong>erravisse</strong></span> <span class='ocrx_word' id='word_1_121' title='bbox 1035 2427 1123 2494; x_wconf 90' lang='lat' dir='ltr'><strong>haud</strong></span> <span class='ocrx_word' id='word_1_122' title='bbox 1148 2428 1286 2496; x_wconf 86' lang='lat' dir='ltr'><strong>dubium</strong></span> 
     </span>
     <span class='ocr_line' id='line_1_19' title="bbox 225 2543 1289 2632; baseline -0.004 -22"><span class='ocrx_word' id='word_1_123' title='bbox 225 2546 309 2610; x_wconf 91' lang='lat' dir='ltr'><strong>mihi</strong></span> <span class='ocrx_word' id='word_1_124' title='bbox 327 2546 476 2620; x_wconf 89' lang='lat' dir='ltr'><strong>videtur.</strong></span> <span class='ocrx_word' id='word_1_125' title='bbox 501 2547 585 2611; x_wconf 89' lang='lat' dir='ltr'><strong>Nam</strong></span> <span class='ocrx_word' id='word_1_126' title='bbox 609 2544 811 2611; x_wconf 84' lang='lat' dir='ltr'><strong>adiectivum</strong></span> <span class='ocrx_word' id='word_1_127' title='bbox 841 2543 933 2626; x_wconf 91' lang='lat' dir='ltr'><strong>illud,</strong></span> <span class='ocrx_word' id='word_1_128' title='bbox 957 2543 1046 2632; x_wconf 92' lang='lat' dir='ltr'><strong>quod</strong></span> <span class='ocrx_word' id='word_1_129' title='bbox 1069 2567 1181 2626; x_wconf 87' lang='lat' dir='ltr'><strong>cenae,</strong></span> <span class='ocrx_word' id='word_1_130' title='bbox 1205 2544 1289 2624; x_wconf 84' lang='lat' dir='ltr'><strong>doti,</strong></span> 
     </span>
     <span class='ocr_line' id='line_1_20' title="bbox 223 2660 1291 2750; baseline -0.003 -23"><span class='ocrx_word' id='word_1_131' title='bbox 223 2660 511 2750; x_wconf 77' lang='lat' dir='ltr'><strong>pecuniae,vnlgo</strong></span> <span class='ocrx_word' id='word_1_132' title='bbox 528 2661 751 2746; x_wconf 84' lang='lat' dir='ltr'><strong>coniungitur,</strong></span> <span class='ocrx_word' id='word_1_133' title='bbox 771 2682 830 2744; x_wconf 89' lang='lat' dir='ltr'><strong>ego</strong></span> <span class='ocrx_word' id='word_1_134' title='bbox 847 2682 963 2726; x_wconf 92' lang='lat' dir='ltr'><strong>censeo</strong></span> <span class='ocrx_word' id='word_1_135' title='bbox 987 2683 1047 2747; x_wconf 91' lang='lat' dir='ltr'><strong>per</strong></span> <span class='ocrx_word' id='word_1_136' title='bbox 1069 2661 1211 2726; x_wconf 84' lang='lat' dir='ltr'><strong>ironiam</strong></span> <span class='ocrx_word' id='word_1_137' title='bbox 1234 2661 1291 2726; x_wconf 88' lang='lat' dir='ltr'><strong>ab·</strong></span> 
     </span>
     <span class='ocr_line' id='line_1_21' title="bbox 223 2775 1375 2864; baseline -0.003 -20"><span class='ocrx_word' id='word_1_138' title='bbox 223 2786 346 2845; x_wconf 90' lang='lat' dir='ltr'><strong>stracta</strong></span> <span class='ocrx_word' id='word_1_139' title='bbox 368 2777 610 2863; x_wconf 86' lang='lat' dir='ltr'><strong>significatione</strong></span> <span class='ocrx_word' id='word_1_140' title='bbox 626 2779 820 2864; x_wconf 89' lang='lat' dir='ltr'><strong>cuiusquam</strong></span> <span class='ocrx_word' id='word_1_141' title='bbox 839 2777 1027 2864; x_wconf 88' lang='lat' dir='ltr'><strong>inopinatae</strong></span> <span class='ocrx_word' id='word_1_142' title='bbox 1043 2775 1213 2843; x_wconf 90' lang='lat' dir='ltr'><strong>molestiae</strong></span> <span class='ocrx_word' id='word_1_143' title='bbox 1235 2775 1293 2840; x_wconf 90' lang='lat' dir='ltr'><strong>hie</strong></span> <span class='ocrx_word' id='word_1_144' title='bbox 1373 2857 1375 2864; x_wconf 28' lang='grc' dir='ltr'>Ι</span> 
     </span>
     <span class='ocr_line' id='line_1_22' title="bbox 226 2892 1289 2979; baseline -0.003 -18"><span class='ocrx_word' id='word_1_145' title='bbox 226 2917 296 2962; x_wconf 85' lang='lat' dir='ltr'><strong>esse</strong></span> <span class='ocrx_word' id='word_1_146' title='bbox 320 2893 517 2962; x_wconf 90' lang='lat' dir='ltr'><strong>adhibitum.</strong></span> <span class='ocrx_word' id='word_1_147' title='bbox 535 2894 694 2979; x_wconf 83' lang='lat' dir='ltr'><strong>Encolpio</strong></span> <span class='ocrx_word' id='word_1_148' title='bbox 717 2893 816 2957; x_wconf 87' lang='lat' dir='ltr'><strong>nimis</strong></span> <span class='ocrx_word' id='word_1_149' title='bbox 842 2915 952 2958; x_wconf 89' lang='lat' dir='ltr'><strong>amare</strong></span> <span class='ocrx_word' id='word_1_150' title='bbox 975 2892 1152 2978; x_wconf 88' lang='lat' dir='ltr'><strong>respondet</strong></span> <span class='ocrx_word' id='word_1_151' title='bbox 1173 2902 1289 2979; x_wconf 87' lang='lat' dir='ltr'><strong>poeta:</strong></span> 
     </span>
     <span class='ocr_line' id='line_1_23' title="bbox 227 3007 1289 3097; baseline -0.002 -21"><span class='ocrx_word' id='word_1_152' title='bbox 227 3011 242 3049; x_wconf 82' lang='lat'>“</span> <span class='ocrx_word' id='word_1_153' title='bbox 260 3012 388 3097; x_wconf 91' lang='lat' dir='ltr'><strong>quoties</strong></span> <span class='ocrx_word' id='word_1_154' title='bbox 405 3009 580 3093; x_wconf 88' lang='lat' dir='ltr'><strong>theatrum,</strong></span> <span class='ocrx_word' id='word_1_155' title='bbox 597 3019 635 3074; x_wconf 91' lang='lat' dir='ltr'><strong>ut</strong></span> <span class='ocrx_word' id='word_1_156' title='bbox 651 3011 825 3074; x_wconf 86' lang='lat' dir='ltr'><strong>recitarem</strong></span> <span class='ocrx_word' id='word_1_157' title='bbox 849 3007 974 3096; x_wconf 87' lang='lat' dir='ltr'><strong>aliquid</strong></span> <span class='ocrx_word' id='word_1_158' title='bbox 988 3009 1123 3091; x_wconf 89' lang='lat' dir='ltr'><strong>intravi,</strong></span> <span class='ocrx_word' id='word_1_159' title='bbox 1140 3007 1220 3073; x_wconf 90' lang='lat' dir='ltr'><strong>haec</strong></span> <span class='ocrx_word' id='word_1_160' title='bbox 1237 3031 1289 3074; x_wconf 89' lang='lat' dir='ltr'><strong>me</strong></span> 
     </span>
     <span class='ocr_line' id='line_1_24' title="bbox 223 3122 1292 3210; baseline -0.001 -18"><span class='ocrx_word' id='word_1_161' title='bbox 223 3124 413 3192; x_wconf 88' lang='lat' dir='ltr'><strong>adventicia</strong></span> <span class='ocrx_word' id='word_1_162' title='bbox 425 3127 577 3210; x_wconf 84' lang='lat' dir='ltr'><strong>excipere</strong></span> <span class='ocrx_word' id='word_1_163' title='bbox 593 3123 781 3210; x_wconf 81' lang='lat' dir='ltr'><strong>frequentia</strong></span> <span class='ocrx_word' id='word_1_164' title='bbox 796 3125 886 3190; x_wconf 88' lang='lat' dir='ltr'><strong>solet.</strong></span> <span class='ocrx_word' id='word_1_165' title='bbox 907 3174 922 3210; x_wconf 88' lang='lat'><strong>,</strong></span> <span class='ocrx_word' id='word_1_166' title='bbox 942 3126 987 3190; x_wconf 83' lang='lat' dir='ltr'><strong>Et</strong></span> <span class='ocrx_word' id='word_1_167' title='bbox 1003 3124 1118 3189; x_wconf 87' lang='lat' dir='ltr'><strong>eadem</strong></span> <span class='ocrx_word' id='word_1_168' title='bbox 1140 3122 1292 3191; x_wconf 91' lang='lat' dir='ltr'><strong>illusione</strong></span> 
     </span>
     <span class='ocr_line' id='line_1_25' title="bbox 224 3239 1291 3327; baseline 0 -21"><span class='ocrx_word' id='word_1_169' title='bbox 224 3243 264 3306; x_wconf 90' lang='lat' dir='ltr'><strong>de</strong></span> <span class='ocrx_word' id='word_1_170' title='bbox 288 3241 450 3327; x_wconf 86' lang='lat' dir='ltr'><strong>Eumolpo</strong></span> <span class='ocrx_word' id='word_1_171' title='bbox 484 3242 657 3324; x_wconf 89' lang='lat' dir='ltr'><strong>recitante,</strong></span> <span class='ocrx_word' id='word_1_172' title='bbox 684 3242 717 3302; x_wconf 91' lang='lat' dir='ltr'><strong>in</strong></span> <span class='ocrx_word' id='word_1_173' title='bbox 739 3261 834 3325; x_wconf 89' lang='lat' dir='ltr'><strong>quem</strong></span> <span class='ocrx_word' id='word_1_174' title='bbox 859 3239 985 3325; x_wconf 87' lang='lat' dir='ltr'><strong>lapides</strong></span> <span class='ocrx_word' id='word_1_175' title='bbox 1008 3241 1144 3304; x_wconf 91' lang='lat' dir='ltr'><strong>mittunt</strong></span> <span class='ocrx_word' id='word_1_176' title='bbox 1167 3242 1291 3326; x_wconf 88' lang='lat' dir='ltr'><strong>spatia-</strong></span> 
     </span>
     <span class='ocr_line' id='line_1_26' title="bbox 223 3343 1290 3444; baseline -0.002 -22"><span class='ocrx_word' id='word_1_177' title='bbox 223 3365 320 3444; x_wconf 83' lang='lat' dir='ltr'><strong>tores,</strong></span> <span class='ocrx_word' id='word_1_178' title='bbox 345 3357 469 3422; x_wconf 90' lang='lat' dir='ltr'><strong>dictum</strong></span> <span class='ocrx_word' id='word_1_179' title='bbox 486 3365 535 3421; x_wconf 90' lang='lat' dir='ltr'><strong>est</strong></span> <span class='ocrx_word' id='word_1_180' title='bbox 552 3360 635 3442; x_wconf 85' lang='lat' dir='ltr'><strong>(cap.</strong></span> <span class='ocrx_word' id='word_1_181' title='bbox 652 3355 708 3436; x_wconf 83' lang='lat'><strong>90)</strong></span> <span class='ocrx_word' id='word_1_182' title='bbox 720 3379 729 3424; x_wconf 66' lang='lat'><strong>:,</strong></span> <span class='ocrx_word' id='word_1_183' title='bbox 747 3357 762 3392; x_wconf 79' lang='lat'>“</span> <span class='ocrx_word' id='word_1_184' title='bbox 778 3365 812 3419; x_wconf 87' lang='lat' dir='ltr'><strong>at</strong></span> <span class='ocrx_word' id='word_1_185' title='bbox 830 3343 893 3437; x_wconf 91' lang='lat' dir='ltr'><strong>ille,</strong></span> <span class='ocrx_word' id='word_1_186' title='bbox 911 3357 968 3442; x_wconf 88' lang='lat' dir='ltr'><strong>qui</strong></span> <span class='ocrx_word' id='word_1_187' title='bbox 988 3356 1139 3442; x_wconf 87' lang='lat' dir='ltr'><strong>plausum</strong></span> <span class='ocrx_word' id='word_1_188' title='bbox 1158 3356 1290 3442; x_wconf 87' lang='lat' dir='ltr'><strong>ingenii</strong></span> 
     </span>
     <span class='ocr_line' id='line_1_27' title="bbox 224 3471 1293 3560; baseline 0.001 -23"><span class='ocrx_word' id='word_1_189' title='bbox 224 3474 274 3540; x_wconf 91' lang='lat' dir='ltr'><strong>sui</strong></span> <span class='ocrx_word' id='word_1_190' title='bbox 297 3481 446 3556; x_wconf 89' lang='lat' dir='ltr'><strong>noverat,</strong></span> <span class='ocrx_word' id='word_1_191' title='bbox 470 3472 600 3558; x_wconf 90' lang='lat' dir='ltr'><strong>operuit</strong></span> <span class='ocrx_word' id='word_1_192' title='bbox 623 3481 765 3556; x_wconf 81' lang='lat' dir='ltr'><strong>caput„</strong></span> <span class='ocrx_word' id='word_1_193' title='bbox 786 3472 825 3534; x_wconf 87' lang='lat' dir='ltr'><strong>ln</strong></span> <span class='ocrx_word' id='word_1_194' title='bbox 849 3471 965 3536; x_wconf 85' lang='lat' dir='ltr'><strong>balnc&#39;o</strong></span> <span class='ocrx_word' id='word_1_195' title='bbox 990 3473 1018 3536; x_wconf 89' lang='lat' dir='ltr'><strong>is</strong></span> <span class='ocrx_word' id='word_1_196' title='bbox 1041 3471 1188 3558; x_wconf 88' lang='lat' dir='ltr'><strong>vapulat,</strong></span> <span class='ocrx_word' id='word_1_197' title='bbox 1213 3475 1293 3560; x_wconf 91' lang='lat' dir='ltr'><strong>quia</strong></span> 
     </span>
     <span class='ocr_line' id='line_1_28' title="bbox 224 3559 1290 3682; baseline 0 -28"><span class='ocrx_word' id='word_1_198' title='bbox 224 3598 359 3655; x_wconf 87' lang='lat' dir='ltr'><strong>conatus</strong></span> <span class='ocrx_word' id='word_1_199' title='bbox 375 3559 465 3654; x_wconf 78' lang='lat' dir='ltr'><strong>circa</strong></span> <span class='ocrx_word' id='word_1_200' title='bbox 480 3587 598 3654; x_wconf 91' lang='lat' dir='ltr'><strong>solium</strong></span> <span class='ocrx_word' id='word_1_201' title='bbox 614 3587 805 3652; x_wconf 85' lang='lat' dir='ltr'><strong>sedentibus</strong></span> <span class='ocrx_word' id='word_1_202' title='bbox 818 3609 950 3652; x_wconf 87' lang='lat' dir='ltr'><strong>carmen</strong></span> <span class='ocrx_word' id='word_1_203' title='bbox 963 3590 1105 3654; x_wconf 89' lang='lat' dir='ltr'><strong>recitare</strong></span> <span class='ocrx_word' id='word_1_204' title='bbox 1121 3592 1207 3675; x_wconf 90' lang='lat' dir='ltr'><strong>(cap.</strong></span> <span class='ocrx_word' id='word_1_205' title='bbox 1224 3587 1290 3682; x_wconf 46' lang='lat'><strong>92),</strong></span> 
     </span>
     <span class='ocr_line' id='line_1_29' title="bbox 224 3701 870 3791; baseline -0.006 -19"><span class='ocrx_word' id='word_1_206' title='bbox 224 3705 270 3772; x_wconf 85' lang='lat' dir='ltr'><strong>Et</strong></span> <span class='ocrx_word' id='word_1_207' title='bbox 293 3706 362 3791; x_wconf 88' lang='lat' dir='ltr'><strong>ipse</strong></span> <span class='ocrx_word' id='word_1_208' title='bbox 385 3727 451 3771; x_wconf 95' lang='lat' dir='ltr'><strong>non</strong></span> <span class='ocrx_word' id='word_1_209' title='bbox 475 3701 574 3769; x_wconf 90' lang='lat' dir='ltr'><strong>semel</strong></span> <span class='ocrx_word' id='word_1_210' title='bbox 597 3704 778 3790; x_wconf 88' lang='lat' dir='ltr'><strong>quaeritur,</strong></span> <span class='ocrx_word' id='word_1_211' title='bbox 792 3703 870 3790; x_wconf 88' lang='lat' dir='ltr'><strong>quia</strong></span> 
     </span>
    </p>
   </div>
   <div class='ocr_carea' id='block_1_3' title="bbox 294 3814 1233 4010">
    <p class='ocr_par' dir='ltr' id='par_1_3' title="bbox 294 3814 1233 4010">
     <span class='ocr_line' id='line_1_30' title="bbox 294 3814 996 3910; baseline -0.003 -16"><span class='ocrx_word' id='word_1_212' title='bbox 294 3825 296 3832; x_wconf 43' lang='lat'><strong><em>¹</em></strong></span> <span class='ocrx_word' id='word_1_213' title='bbox 364 3837 429 3894; x_wconf 89' lang='lat' dir='ltr'><strong>sola</strong></span> <span class='ocrx_word' id='word_1_214' title='bbox 445 3833 595 3910; x_wconf 86' lang='lat' dir='ltr'><strong>pruinosis</strong></span> <span class='ocrx_word' id='word_1_215' title='bbox 612 3834 715 3892; x_wconf 85' lang='lat' dir='ltr'><strong>horret</strong></span> <span class='ocrx_word' id='word_1_216' title='bbox 732 3833 873 3890; x_wconf 81' lang='lat' dir='ltr'><strong>facundia</strong></span> <span class='ocrx_word' id='word_1_217' title='bbox 890 3814 996 3908; x_wconf 78' lang='lat' dir='ltr'><strong>pannis</strong></span> 
     </span>
     <span class='ocr_line' id='line_1_31' title="bbox 364 3932 1233 4010; baseline 0 -18"><span class='ocrx_word' id='word_1_218' title='bbox 364 3940 454 4008; x_wconf 90' lang='lat' dir='ltr'><strong>atque</strong></span> <span class='ocrx_word' id='word_1_219' title='bbox 471 3933 553 4008; x_wconf 90' lang='lat' dir='ltr'><strong>inopi</strong></span> <span class='ocrx_word' id='word_1_220' title='bbox 570 3932 675 4006; x_wconf 83' lang='lat' dir='ltr'><strong>lingua</strong></span> <span class='ocrx_word' id='word_1_221' title='bbox 692 3932 826 3990; x_wconf 85' lang='lat' dir='ltr'><strong>desertas</strong></span> <span class='ocrx_word' id='word_1_222' title='bbox 845 3932 965 3990; x_wconf 87' lang='lat' dir='ltr'><strong>invocat</strong></span> <span class='ocrx_word' id='word_1_223' title='bbox 983 3939 1064 3992; x_wconf 85' lang='lat' dir='ltr'><strong>artes</strong></span> <span class='ocrx_word' id='word_1_224' title='bbox 1083 3934 1158 4009; x_wconf 88' lang='lat' dir='ltr'><strong>(cap.</strong></span> <span class='ocrx_word' id='word_1_225' title='bbox 1177 3933 1233 4010; x_wconf 82' lang='lat'>83).</span> 
     </span>
    </p>
   </div>
   <div class='ocr_carea' id='block_1_4' title="bbox 222 4047 1290 4258">
    <p class='ocr_par' dir='ltr' id='par_1_4' title="bbox 222 4047 1290 4258">
     <span class='ocr_line' id='line_1_32' title="bbox 267 4047 1290 4150; baseline 0 -30"><span class='ocrx_word' id='word_1_226' title='bbox 267 4051 370 4140; x_wconf 79' lang='lat' dir='ltr'><strong>Quid,</strong></span> <span class='ocrx_word' id='word_1_227' title='bbox 401 4056 429 4150; x_wconf 79' lang='lat' dir='ltr'><strong>si</strong></span> <span class='ocrx_word' id='word_1_228' title='bbox 458 4073 663 4140; x_wconf 90' lang='lat' dir='ltr'><strong>quocumque</strong></span> <span class='ocrx_word' id='word_1_229' title='bbox 692 4053 756 4118; x_wconf 90' lang='lat' dir='ltr'><strong>iret</strong></span> <span class='ocrx_word' id='word_1_230' title='bbox 785 4062 892 4138; x_wconf 90' lang='lat' dir='ltr'><strong>poeta,</strong></span> <span class='ocrx_word' id='word_1_231' title='bbox 925 4047 1040 4120; x_wconf 88' lang='lat' dir='ltr'><strong>cenam</strong></span> <span class='ocrx_word' id='word_1_232' title='bbox 1068 4053 1290 4120; x_wconf 85' lang='lat' dir='ltr'><strong>adventiciam</strong></span> 
     </span>
     <span class='ocr_line' id='line_1_33' title="bbox 222 4165 1288 4258; baseline 0.001 -23"><span class='ocrx_word' id='word_1_233' title='bbox 222 4191 378 4238; x_wconf 89' lang='lat' dir='ltr'><strong>reverens</strong></span> <span class='ocrx_word' id='word_1_234' title='bbox 401 4167 588 4258; x_wconf 87' lang='lat' dir='ltr'><strong>apponebat</strong></span> <span class='ocrx_word' id='word_1_235' title='bbox 602 4167 764 4255; x_wconf 80' lang='lat' dir='ltr'><strong>populus?</strong></span> <span class='ocrx_word' id='word_1_236' title='bbox 794 4168 968 4240; x_wconf 71' lang='lat' dir='ltr'><strong>Ambubaia</strong></span> <span class='ocrx_word' id='word_1_237' title='bbox 991 4171 1060 4254; x_wconf 79' lang='lat'>(74)</span> <span class='ocrx_word' id='word_1_238' title='bbox 1084 4165 1230 4239; x_wconf 83' lang='lat' dir='ltr'><strong>occurrit</strong></span> <span class='ocrx_word' id='word_1_239' title='bbox 1252 4172 1288 4236; x_wconf 90' lang='lat' dir='ltr'><strong>in</strong></span> 
     </span>
    </p>
   </div>
   <div class='ocr_carea' id='block_1_5' title="bbox 0 0 1712 5306">
    <p class='ocr_par' dir='ltr' id='par_1_5' title="bbox 0 0 1712 5306">
     <span class='ocr_line' id='line_1_34' title="bbox 0 0 1712 5306; baseline 0 1"><span class='ocrx_word' id='word_1_240' title='bbox 0 0 1712 5306; x_wconf 95' lang='lat' dir='ltr'><strong> </strong></span> 
     </span>
    </p>
   </div>
  </div>
 </body>
</html>
