3416 5306
440 457 473 514 18

436 589 487 646 lib.
506 605 626 645 memor.
640 607 658 641 c
671 588 755 658 Sunt,
768 586 820 658 qui
838 583 937 670 dicant
949 585 1112 640 Herculem
1121 589 1151 639 et
1168 582 1292 653 Thesea,
1305 578 1501 653 quodeinfilia

438 688 521 744 athla
544 692 614 743 sunt
632 685 740 758 adepti.
758 705 776 739 ›
800 683 890 756 Apud
907 683 1009 739 Manil.
1034 681 1147 754 passim
1166 685 1237 736 sunt
1255 696 1352 752 opera,
1371 695 1429 750 res,
1456 677 1500 734 la·

436 786 537 857 bores,
567 791 597 840 et
615 783 795 858 quicumque
815 782 957 847 8888818
980 780 1043 838 vita
1052 797 1162 836 umana
1171 777 1344 850 contingere
1355 780 1492 849 possunt.

472 938 597 1006 ancupes
610 934 678 1008 (40).
688 933 749 1000 Qui
760 949 832 992 aves
846 936 976 1004 captant.
988 931 1112 988 Nullum
1118 929 1178 985 nisi
1186 927 1320 984 Petronii
1333 927 1503 998 exemplum

441 1039 549 1092 exstat.
650 1037 651 1042 ’

477 1189 631 1244 8888881118
651 1184 718 1258 (63).
729 1181 954 1240 Deminutivum
964 1182 1000 1238 ab
1011 1180 1125 1237 audaci.
1139 1179 1227 1253 Apud
1240 1179 1315 1236 Gell.
1334 1197 1355 1235 v
1367 1177 1417 1233 21:
1426 1196 1445 1232 ‹
1457 1195 1504 1234 re·

440 1284 603 1358 prehensor
621 1282 785 1338 audaculus
804 1281 963 1338 verborum
975 1299 993 1334 »
1012 1286 1042 1335 et
1059 1279 1180 1351 passim.

476 1436 646 1492 Automalum
659 1433 722 1508 (50).
737 1431 850 1488 Graeca
868 1449 941 1490 vox:
954 1429 1091 1486 machina
1109 1447 1185 1503 quae
1198 1447 1253 1485 sua
1268 1433 1373 1502 sponte
1391 1427 1507 1484 moveri

442 1532 575 1588 videtur:
595 1529 673 1602 apud
686 1530 766 1585 Suet.
786 1529 888 1584 Claud.
903 1543 1009 1583 xxx1v:
1029 1548 1045 1580 ‹<
1059 1531 1247 1582 automatum
1259 1527 1309 1582 vel
1326 1542 1442 1598 pegma,
1455 1525 1507 1582 vel

444 1629 515 1702 quid
527 1630 588 1684 tale
599 1627 680 1684 aliud
692 1649 718 1682 1».
737 1626 889 1692 Quaedam
908 1626 1052 1681 editiones
1071 1625 1183 1680 habent
1201 1642 1308 1696 graece
1321 1629 1505 1680 automaton.

441 1727 489 1782 Ita
498 1729 530 1782 in
549 1727 629 1782 satir.
644 1745 706 1798 cap.
719 1726 784 1781 140:
798 1745 815 1780 c<
829 1724 939 1780 sororis
960 1743 1031 1780 suae
1051 1727 1210 1794 automata,
1221 1742 1239 1775 »
1257 1723 1314 1778 hoo
1333 1729 1379 1778 est
1403 1726 1504 1780 motus

442 1825 562 1898 sororis,
575 1843 649 1897 quae
667 1842 721 1896 per
740 1841 772 1878 se
791 1823 949 1880 videbatur
968 1823 1087 1877 saltare.

477 1924 532 1977 Est
558 1922 649 1977 etiam
667 1921 847 1976 adiectivum
865 1939 918 1992 pro
938 1925 1114 1990 spontaneo:
1134 1918 1213 1991 apud
1226 1919 1307 1974 Serv.
1329 1919 1397 1974 ad1
1422 1920 1498 1975 Aen.

443 2021 507 2075 724:
528 2026 711 2075 «automata
729 2019 869 2074 Venus».
888 2019 936 2073 Ita
953 2019 984 2072 in
1003 2019 1085 2073 satir.
1106 2036 1167 2089 cap.
1182 2017 1231 2072 50:
1250 2037 1268 2072 ‹
1279 2017 1418 2089 plausum
1436 2021 1507 2089 post

442 2120 498 2175 hoc
512 2124 696 2174 automatum
714 2116 828 2172 familia
840 2116 922 2172 dedit
933 2136 960 2172 r.

952 2512 1003 2557 B

484 2706 644 2763 Bataecelis
665 2703 733 2776 (37).
745 2701 912 2758 Gronovius
924 2701 956 2757 in
975 2719 1020 2773 ep.
1031 2701 1068 2756 ad
1086 2701 1190 2756 Heine.
1201 2704 1303 2755 censet
1314 2700 1392 2756 hanc
1404 2716 1509 2757 vocem

446 2820 483 2858 ex
501 2801 631 2858 Arnobio
650 2801 835 2856 Salmasiano
848 2815 879 2856 lv
895 2800 1035 2854 haustam
1054 2815 1133 2868 esse;
1153 2797 1223 2870 quia
1241 2817 1259 2852 ι
1270 2797 1426 2854 babaeculi
1439 2796 1510 2853 ado·

444 2902 593 2956 lesoentes
605 2920 623 2954 ›
641 2918 694 2972 pro
713 2881 880 2955 libidinosis
899 2898 941 2952 ibi
959 2897 1209 2956 memorabantur.
1309 2951 1312 2956 ,

484 3056 647 3112 3888818188
667 3053 734 3126 (41).
748 3054 912 3110 Baculusio
930 3051 961 3104 id
979 3056 1026 3106 888
1037 3051 1138 3123 inepta
1150 3050 1352 3106 ratiocinatio:
1365 3067 1441 3122 quae
1450 3067 1511 3107 vox

446 3150 517 3223 quid
543 3151 583 3206 sit
607 3151 726 3222 ignoro,
751 3149 832 3206 haud
855 3149 944 3204 dubio
971 3149 1092 3220 duplex:
1112 3151 1241 3205 abacos
1259 3155 1290 3204 et
1310 3151 1378 3204 lusu
1396 3147 1510 3204 caricas

445 3249 698 3320 interpretabatur
722 3248 860 3318 Oriolius,
880 3267 908 3320 p.
931 3247 972 3301 13.
991 3247 1175 3302 Buechelerb
1200 3264 1377 3318 persuasum
1403 3245 1461 3300 fuit
1479 3244 1511 3300 in

447 3351 547 3402 mente
565 3346 706 3402 habuisse
724 3345 900 3402 Petronium
922 3347 1086 3402 boucolcsis
1119 3363 1136 3398 a
1165 3345 1374 3418 βαυκαλὴματα,
1403 3361 1513 3416 graeca

337 3516 339 3522 Α
447 3462 520 3502 voce
540 3461 599 3516 qua
616 3444 740 3500 naeniae
758 3444 910 3499 nutricum
928 3446 1082 3499 vocantur.
1100 3442 1240 3517 Fortasse
1264 3461 1282 3496 a
1305 3444 1421 3510 dacore,
1449 3440 1513 3498 vini

449 3541 561 3615 scypho
581 3542 660 3614 apud
677 3542 810 3614 Festum,
829 3547 860 3598 et
879 3543 962 3598 lusu:
982 3540 1093 3596 ebriam
1106 3539 1278 3613 significans
1292 3539 1513 3611 cogitationem.

485 3693 665 3751 Bastitallum
686 3692 756 3766 (61).
774 3693 848 3748 Oum
871 3692 1054 3748 Buechelero
1079 3692 1182 3764 opinor
1204 3691 1282 3746 hanc
1306 3709 1409 3750 vocem
1431 3689 1513 3745 haud

449 3789 538 3846 dubie
556 3797 637 3846 recte
656 3791 798 3846 traditam
817 3809 883 3851 esse
896 3791 1062 3863 adplenum
1081 3790 1297 3862 rotundamque
1316 3789 1442 3845 formam
1464 3787 1514 3843 de-

449 3887 641 3961 signandam3
661 3907 679 3943 a
698 3891 794 3946 baccis
813 3888 928 3946 derivat
945 3887 1029 3944 illam
1048 3888 1186 3945 Oriolius.
1207 3889 1319 3944 Tamen
1338 3887 1473 3959 suspicor
1496 3901 1513 3940 e

450 3988 550 4058 bacco,
568 3987 614 4042 uti
633 4005 701 4042 caro
720 3986 850 4068 fortasse
868 3985 979 4042 rustice
998 3985 1170 4058 vocabatur,
1183 3991 1213 4042 et
1232 3988 1318 4057 ballo,
1332 3984 1410 4057 quod
1422 3983 1515 4057 pilam

448 4083 566 4156 plebeio
577 4103 712 4142 sermone
724 4085 919 4157 significabat,
930 4089 1033 4140 ortam.
1047 4083 1202 4142 8888881,
1215 4086 1383 4155 bacchiora,
1398 4080 1515 4154 subpin-

451 4180 520 4254 guis
534 4189 565 4239 et
576 4184 678 4251 παλλα,
695 4185 759 4240 1881.
779 4186 870 4241 bolla.
