3416 5306
439 448 474 504 26

475 579 688 638 Exealariceuetl
707 575 775 650 (67).
793 576 860 632 Vox
871 576 986 650 plebeia
996 595 1013 632 a
1023 577 1199 651 καταῤῥιζόω,
1210 577 1242 634 id
1254 583 1301 634 est
1313 577 1428 635 radices
1442 597 1501 652 ago

439 679 575 734 formata.
592 675 816 732 Excatarissare
834 675 928 748 igitur
946 681 994 732 est
1011 674 1127 733 radices
1147 676 1314 747 extrahere,
1330 695 1365 733 ac
1377 694 1430 750 per
1442 696 1502 733 me-

438 775 595 849 taphoram
612 791 729 832 omnem
747 791 877 845 succum,
895 792 1011 830 omnem
1028 774 1185 846 pecuniam
1209 773 1338 832 auferre.
1356 773 1404 831 Sic
1422 775 1502 849 apud

439 874 580 932 Senecam
598 893 616 926 ι
627 873 818 929 malacissare
829 891 847 927 r
866 875 883 928 a
902 871 1057 946 μαλακίζειν
1078 876 1134 946 (ep.
1152 874 1246 945 axvi).

475 991 897 1102 Exoplnlscenlffihbhlxopino,
916 997 994 1083 idem
1014 1046 1048 1083 ac
1061 1026 1173 1100 opinor.
1185 1027 1310 1083 Nullum
1323 991 1424 1084 eistat
1444 1025 1503 1085 nisi

438 1125 572 1183 Petronii
590 1127 766 1199 exemplum.
894 1122 898 1129 ’

473 1281 671 1350 expuleratam
682 1277 750 1350 (39).
758 1275 976 1349 Expudoratus,
987 1278 1098 1350 absque
1114 1277 1236 1350 pudore,
1255 1277 1307 1350 qui
1319 1295 1437 1334 omnem
1450 1297 1502 1352 pu-

439 1376 541 1433 dorem
558 1376 696 1449 perdidit.
714 1377 837 1432 Nullum
855 1380 955 1436 exstat
972 1375 1031 1432 nisi
1048 1373 1181 1432 Petronii
1200 1377 1383 1450 exemplum3
1406 1377 1503 1432 multa

439 1492 545 1532 verum
562 1474 692 1561 vestigia
711 1474 743 1530 in
761 1474 911 1530 hodiernis
929 1478 1091 1548 supersunt
1110 1473 1255 1546 dialectis,
1267 1480 1303 1530 ut
1320 1474 1503 1551 demonstra·

440 1573 548 1632 bimus.

474 1727 637 1785 Excihllavll
651 1717 865 1798 (64).Exsibilo,
877 1723 997 1781 sibilum
1006 1722 1119 1781 emitto.
1127 1723 1217 1798 Apud
1225 1725 1367 1798 Prudent.
1378 1741 1403 1783 11
1411 1727 1503 1785 etiam

438 1824 605 1883 invenitur:
624 1843 642 1878 ‹
654 1822 745 1882 verba
764 1821 943 1880 exsibilat.»

473 1980 663 2036 [uocauerant
675 1976 743 2049 (19).
753 1973 966 2047 Exsono‚idem
980 1993 1014 2032 ac
1022 1992 1158 2049 persono.
1167 1977 1292 2034 Nullum
1300 1977 1360 2034 nisi
1368 1977 1504 2036 Petronii

358 2069 364 2090 “
440 2081 541 2134 exstat
559 2076 736 2149 exemplum.

943 2299 993 2345 F

476 2465 593 2520 faetcse
613 2460 699 2536 (131).
719 2460 872 2529 Fastosus‚
891 2457 922 2512 id
940 2463 988 2513 est
1007 2458 1162 2532 superbus,
1179 2457 1262 2514 fastu
1279 2459 1394 2531 plenus.
1413 2461 1503 2535 Apud

437 2561 564 2617 Martial.
584 2576 603 2615 x
622 2560 670 2614 13:
688 2580 707 2613 ι
719 2558 756 2614 ad
774 2562 919 2614 nocturna
935 2556 1015 2625 iaces
1033 2555 1165 2612 fastosae
1192 2556 1295 2650 limina
1313 2559 1462 2618 moechae.
1485 2585 1502 2617 a

473 2713 611 2771 fericulus
631 2712 766 2786 (uelem
784 2709 905 2782 ferculo,
918 2713 999 2766 recte
1012 2708 1180 2769 Gronovius
1198 2711 1398 2786 Heinsiusque
1419 2715 1501 2772 vide-

439 2817 518 2868 runt.

475 2965 649 3022 ferrariae
670 2943 737 3035 (81).
755 2961 989 3032 Ferruminatus,
998 2961 1186 3034 participium
1196 2981 1214 3017 a
1226 2963 1395 3036 ferrumino,
1408 2965 1505 3024 ferru-

438 3063 516 3119 mine
529 3063 657 3118 iunctus.
666 3060 755 3134 Apud
766 3059 843 3119 Plin.
860 3075 942 3116 xxxv
961 3059 1008 3114 15:
1029 3079 1046 3113 c
1064 3059 1107 3114 ita
1125 3060 1327 3118 ferruminatis
1337 3063 1502 3136 Babylonis

439 3161 557 3217 muris»
577 3167 607 3216 et
626 3159 745 3233 passim.

477 3315 628 3371 ferrumine
640 3312 724 3386 (102).
734 3312 896 3368 Ferrumen
906 3317 953 3367 est
959 3309 1107 3384 quoddam
1113 3311 1199 3384 quasi
1205 3313 1318 3385 gluten,
1326 3331 1383 3386 quo
1390 3314 1503 3372 ferrum

439 3412 542 3469 atalia
554 3411 675 3468 metalla
688 3409 921 3482 coniunguntur:
935 3409 1014 3482 apud
1032 3410 1107 3466 Plin.
1121 3425 1213 3467 xxxvi
1227 3412 1269 3466 13:
1287 3431 1305 3466 c
1323 3413 1402 3486 quod
1419 3414 1503 3470 furto

438 3509 527 3567 calcis
538 3510 601 3567 sine
610 3508 770 3566 ferrumine
781 3525 834 3564 suo
845 3513 997 3564 caementa
1008 3513 1235 3581 componuntur;
1245 3529 1262 3564 r
1273 3510 1351 3584 apud
1360 3513 1503 3586 Pompon.

440 3609 506 3683 Dig.
519 3609 596 3664 xnrl
616 3609 666 3664 27:
685 3607 872 3664 «ferrumine
892 3606 1118 3664 cohaererent.»

475 3764 599 3820 flaturae
610 3759 678 3834 (45).
686 3759 819 3830 flatura,
831 3758 911 3816 idem
920 3778 954 3815 ac
972 3757 1070 3814 flatus.
1082 3757 1171 3831 Apud
1188 3758 1298 3816 Arnob.
1310 3776 1323 3816 1
1336 3761 1352 3815 7
1363 3765 1417 3818 ‹et
1427 3764 1505 3820 caeli

438 3859 642 3934 conquievisse
651 3857 784 3914 flaturae.
793 3878 810 3913 a
820 3861 880 3915 Hoc
889 3875 993 3915 verum
1003 3854 1200 3914 satirarumin
1208 3859 1273 3914 loco
1282 3861 1435 3933 translate,
1447 3879 1504 3934 pro

437 3959 518 4016 vitae
537 3957 645 4014 flatura
658 3955 824 4013 adhibetur.

474 4114 560 4182 rurae
580 4110 648 4185 (45).
661 4111 748 4183 ruga
761 4115 808 4167 esc
820 4082 976 4182 fugitnus.
989 4107 1037 4164 sa
1050 4108 1129 4181 apuu
1141 4110 1295 4169 columen.
1308 4127 1329 4168 x
1342 4111 1406 4168 rac:
1421 4132 1439 4167 ‹
1453 4112 1505 4169 ‹10-

438 4211 536 4268 lotura
555 4208 674 4285 quidem
692 4207 785 4268 fronti
804 4207 874 4266 data
893 4206 980 4280 signa
998 4207 1174 4280 fugarum.»
