3416 5306
456 478 489 536 12

451 613 670 702 scriptiusque
705 613 832 698 fuisset,
861 635 922 678 nee
951 610 1063 677 alteris
1094 611 1235 698 ineptus,
1270 611 1444 677 mendosus
1481 619 1515 678 et
1555 629 1557 634 ·

451 753 534 817 pene
563 731 725 797 barbarus
748 738 861 795 auctor
888 728 1065 796 videbatur
1100 729 1285 813 Petronius,
1315 751 1376 795 nec
1399 729 1514 795 alteris

451 831 545 934 pater
568 847 816 932 elegantiarum,
831 847 925 911 cuius
942 869 962 910 a
977 845 1088 910 satiris
1105 835 1173 910 sola
1190 846 1217 910 si
1238 845 1367 911 abesset
1382 845 1513 912 obscoe-

450 967 548 1048 nitas,
572 985 667 1028 nemo
684 962 814 1027 felicius
837 983 968 1027 manum
985 961 1027 1026 ad
1050 960 1261 1026 scribendum
1285 961 1475 1049 adpulisset.

496 1077 661 1146 Mirabilis
685 1087 795 1144 autem
818 1088 851 1143 et
875 1077 945 1142 fere
968 1077 1100 1142 divinus
1123 1099 1188 1142 non
1212 1099 1317 1142 sermo
1339 1079 1374 1143 in
1391 1081 1514 1166 satiris,

451 1197 508 1283 qui
531 1196 619 1261 haud
643 1195 743 1260 dubio
766 1168 950 1282 corruptus,
967 1193 1024 1257 sed
1047 1193 1128 1258 mihi
1161 1193 1255 1258 stilus
1277 1194 1427 1277 videtur3
1450 1195 1512 1260 hoc

452 1323 512 1397 est,
536 1321 572 1377 ut
589 1314 637 1377 ita
660 1313 777 1398 dicam,
801 1308 984 1376 deliberata
1007 1318 1040 1375 et
1063 1309 1210 1395 perfecta
1232 1310 1407 1375 eoncordia
1425 1311 1514 1377 iuter

451 1428 583 1494 dicendi
606 1449 719 1512 genus,
736 1427 831 1492 modo
855 1425 988 1508 humile,
1004 1425 1099 1490 modo
1115 1425 1248 1509 elatum,
1266 1436 1298 1490 et
1313 1428 1514 1493 narrationis

451 1559 616 1630 personas,
639 1545 735 1610 modo
759 1543 913 1627 abiectas,
930 1543 1026 1609 modo
1042 1553 1227 1608 exornatae.
1246 1543 1360 1610 Sermo
1378 1543 1512 1629 quidem

453 1662 487 1725 in
502 1684 558 1726 ore
581 1660 824 1726 collibertorum
848 1659 1023 1746 plebeium,
1039 1681 1209 1725 servorum
1226 1661 1397 1742 rusticum,
1414 1658 1511 1724 illite-

450 1785 597 1844 ratorum
620 1776 830 1863 maculosum,
846 1777 1120 1864 graecissantium
1136 1797 1291 1860 graecum
1307 1785 1366 1860 est,
1383 1784 1421 1842 ut
1436 1798 1512 1841 con·

451 1894 558 1977 venit3
582 1893 780 1980 praebetque
802 1892 936 1979 plenum
952 1901 985 1957 et
1000 1894 1183 1978 perfectum
1206 1893 1294 1959 illius
1310 1891 1433 1957 latinae
1448 1892 1513 1958 lin·
1530 1907 1532 1912 ’

451 2031 535 2094 guae
548 2008 695 2094 vulgaris
708 2009 914 2094 exemplans
924 2030 987 2094 quo
1000 2008 1218 2094 postImperii
1231 2009 1357 2074 romani
1370 2010 1513 2093 ruinam,

451 2147 556 2191 novae
569 2125 703 2196 dialecti
728 2126 854 2192 duxere
880 2112 1049 2209 originem,
1071 2145 1155 2210 quae
1170 2123 1268 2190 hodie
1284 2147 1438 2189 romanae
1459 2125 1514 2192 vel

452 2240 634 2307 neolatinae
657 2252 828 2308 vocantur.

498 2358 536 2424 ln
559 2357 621 2423 hoc
637 2359 777 2440 novitas,
801 2379 1025 2445 quaecumque
1041 2357 1093 2440 sit,
1115 2358 1180 2420 mei
1204 2355 1327 2422 laboris
1350 2359 1512 2424 consistit.

452 2475 568 2558 Qualis
592 2474 775 2561 speculator
802 2477 835 2538 in
859 2474 946 2538 filiae
970 2472 1065 2539 vultu
1095 2473 1244 2538 curiosus
1272 2475 1387 2538 matris
1409 2474 1512 2540 linea-

452 2600 563 2655 menta
586 2591 666 2656 adeo
691 2599 866 2672 scrutatur,
882 2600 921 2654 ut
937 2588 994 2654 illa
1008 2591 1091 2672 visa,
1108 2589 1192 2653 hanc
1216 2583 1320 2654 facile'
1330 2592 1514 2675 agnoverit,

453 2706 526 2770 talis
539 2716 573 2770 et
584 2729 653 2790 ego,
667 2706 836 2772 vocabulis
848 2728 931 2794 quae
944 2707 978 2770 in
992 2707 1102 2770 satiris
1120 2716 1251 2771 exstant
1269 2705 1515 2772 obscurioribus

452 2846 526 2889 eum
550 2822 822 2910 subsequentibus
849 2823 917 2887 suis
944 2843 1105 2887 novarum
1136 2821 1351 2888 dialectarum
1382 2845 1513 2910 eompa-

452 2943 544 3023 ratis,
574 2939 691 3005 horum
722 2939 847 3006 auxilio
878 2941 913 3004 iu
943 2939 1118 3024 pristinam
1149 2938 1424 3022 significationem
1456 2938 1538 3005 illa·

442 3057 625 3122 restituere
649 3056 771 3123 studui.
794 3057 868 3124 Non
891 3077 1018 3142 semper
1048 3076 1109 3120 acu
1141 3076 1210 3119 rem
1240 3055 1388 3138 tetigisse
1418 3053 1512 3140 polli-

451 3195 541 3256 ceor3
557 3173 621 3237 nisi
652 3181 743 3239 tutus
769 3172 913 3254 effectus,
937 3180 1046 3237 tamen
1062 3171 1234 3237 methodus
1250 3171 1333 3236 mihi
1349 3170 1513 3282 excellens

451 3289 600 3355 videtur:
624 3289 741 3355 melius
757 3287 860 3354 faeiat
883 3289 942 3374 qui
965 3296 1096 3374 potest.¹

496 3410 606 3492 Quam
618 3406 956 3489 methodum,etiamsi
968 3426 1048 3492 opus
1060 3406 1196 3471 minime
1208 3404 1380 3490 consilium
1392 3426 1513 3493 aequa·

451 3525 549 3607 verit,
565 3523 720 3589 Nicolaus
743 3524 891 3608 Ignarra,
907 3524 962 3588 vir
985 3522 1099 3588 doctus
1115 3531 1148 3587 et
1166 3523 1373 3608 antiquitatis
1390 3521 1514 3590 latinae

453 3639 693 3726 valdeperitus,
706 3642 741 3706 in
754 3640 982 3705 dissertatione
996 3640 1127 3705 erudita
1138 3639 1179 3704 de
1191 3637 1356 3725 palaestra
1367 3637 1513 3724 neapoli·

452 3766 531 3823 tana
542 3765 696 3842 expertus
713 3765 780 3840 est,
796 3757 853 3843 qui
870 3779 912 3821 ex
928 3756 1105 3822 idiotismis
1121 3755 1341 3842 neapolitanis
1354 3777 1440 3838 eum,
1453 3757 1513 3842 qui

453 3874 572 3938 satiras
588 3875 731 3959 scripsit,
747 3874 842 3960 predi
859 3873 1105 3960 neapolitanum
1123 3872 1332 3939 deliberavit.
1345 3873 1418 3937 lam
1432 3893 1513 3937 vero

453 3988 540 4075 apud
563 3997 693 4054 veteres
716 3990 857 4054 comicos
874 3999 1052 4056 occurrunt
1067 3989 1201 4076 quidem
1217 3987 1393 4054 illiberalia
1421 3986 1513 4053 dicta

453 4114 486 4170 et
510 4104 668 4171 obscoena
683 4106 850 4188 convicia3
874 4104 930 4170 sed
953 4105 1148 4191 petroniana
1164 4104 1211 4169 sic
1227 4103 1269 4169 ad
1284 4104 1514 4189 neapolitanae

453 4221 641 4310 plebeculae
664 4232 797 4310 gustum
813 4222 993 4310 composita
1016 4220 1065 4291 illi
1088 4221 1255 4306 videntur,
1271 4231 1309 4286 ut
1332 4221 1453 4288 mirum
1476 4221 1513 4286 ni
