3416 5306
396 487 414 544 4

399 622 608 709 responsione
616 617 727 686 futiles
742 619 1008 686 adversariorum
1026 617 1225 685 obiectiones
1241 621 1370 685 evortit.
1384 619 1460 684 Non

398 737 482 804 nulli
506 738 541 803 in
569 737 679 802 satiris
703 743 847 807 exstant,
865 736 1115 800 amanuensium
1138 757 1283 817 errores3
1314 743 1461 801 monstra

399 853 577 920 verborum
600 870 669 917 non
688 850 779 916 aliud
795 873 864 916 esse
880 849 1047 933 videntur,
1063 851 1129 915 nisi
1144 873 1231 916 nova
1251 849 1386 938 quidem
1400 872 1461 914 vo-

401 969 530 1054 cabula,
546 969 603 1034 sed
619 992 637 1033 e
652 967 743 1032 fonte
758 967 860 1032 latino
877 989 1036 1052 graecove
1052 976 1129 1052 apte
1141 966 1299 1050 deducta3
1316 965 1461 1052 permul-

401 1089 443 1152 tis
466 1084 612 1168 vocibus,
630 1107 712 1172 quas
736 1086 875 1149 rusticas
898 1092 931 1148 et
954 1082 1134 1167 singulares
1158 1083 1266 1147 critici
1290 1083 1460 1147 existima·

401 1202 492 1286 bant,
509 1201 667 1267 Horatius
679 1199 733 1284 ¹vel
746 1199 861 1265 Cicero
878 1200 930 1264 vel
946 1197 1095 1264 Catullus
1111 1219 1176 1263 non
1193 1196 1292 1263 semel
1305 1199 1356 1263 nsi
1373 1206 1464 1264 sunt.

402 1319 457 1386 Ita
480 1319 630 1385 Statilius
647 1315 803 1382 stolidum
819 1318 977 1402 impetum
997 1316 1252 1402 criticorumque
1269 1335 1465 1401 oppugnan-

404 1437 488 1502 tium
511 1434 717 1499 inscientiam
742 1440 872 1497 maturo
900 1432 1023 1496 iudicio
1047 1432 1213 1518 repressit,
1245 1440 1282 1497 ut
1310 1431 1465 1516 deinceps

334 1543 335 1548 ἵ
403 1551 612 1635 elegantiam,
643 1547 877 1630 urbanitatem,
901 1547 1027 1632 lepores
1050 1557 1084 1613 et
1114 1569 1262 1631 veneres,
1287 1569 1372 1634 quac
1398 1569 1465 1612 non

307 1678 309 1691 '
404 1668 440 1731 in
462 1689 527 1732 uno
544 1664 739 1749 fragmento,
756 1663 813 1728 scd
829 1687 887 1751 per
903 1685 1031 1728 omnem
1046 1662 1195 1730 libellum
1211 1663 1350 1748 elucent,
1364 1662 1466 1728 oculis

386 1835 390 1845 ,
405 1785 551 1849 omnium
575 1781 779 1846 subiiceret..

450 1901 566 1965 Petrus
588 1881 813 1980 Burmannus,
849 1906 1022 1983 postquam
1045 1898 1173 1982 priscae
1205 1897 1411 1984 eloquentiae
1435 1905 1468 1964 et

404 2016 586 2092 munditiae
610 2015 805 2101 petroniana
830 2013 973 2097 vestigia
996 2033 1099 2097 quanr
1126 2014 1269 2076 maxime
1298 2034 1464 2078 commen-

406 2132 510 2215 davit,
534 2131 753 2216 corruptelam
777 2131 933 2194 sermonis
956 2127 1071 2222 subtili
1095 2129 1220 2193 iudicio
1251 2129 1386 2194 Petroni
1409 2128 1468 2194 ad-

406 2248 550 2313 scribere
573 2257 709 2312 conatus
733 2254 797 2328 est3
821 2247 879 2332 qui
903 2247 937 2309 in
960 2245 1088 2312 colonia
1115 2267 1286 2330 campana,
1315 2243 1468 2329 Neapoli,

407 2374 444 2429 ut
467 2385 527 2448 ego
551 2363 704 2445 arbitror,
735 2361 879 2426 abiectos
904 2358 1101 2442 collibertos,
1125 2360 1233 2426 ebrios
1249 2360 1468 2442 centenarios,

407 2481 583 2563 magistros
606 2500 685 2562 prae
709 2499 784 2541 suas
807 2476 920 2541 literas
943 2475 1062 2559 fatuea,
1086 2477 1377 2562 semigraecossua
1393 2475 1470 2538 stri-

407 2594 534 2680 bligine
557 2603 590 2658 et
613 2592 760 2658 balbutie
782 2591 953 2674 notabiles,
970 2591 1148 2676 diligenter
1172 2591 1307 2676 effingit.
1327 2589 1424 2674 Quod
1441 2592 1469 2655 si

408 2733 513 2797 pauca
537 2709 697 2808 quaedam
725 2709 779 2773 hic
802 2708 871 2774 illic
899 2719 1086 2793 occurrunt,
1110 2710 1211 2774 etiam
1236 2712 1271 2774 in
1294 2719 1388 2796 parte
1410 2709 1470 2775 ubi

409 2828 583 2894 Petronius
612 2827 680 2912 ipse
704 2828 756 2890 sui
784 2827 942 2890 sermonis
972 2836 1021 2890 est
1044 2835 1170 2906 auctor,
1194 2848 1277 2912 quae
1300 2825 1390 2892 nullo
1413 2838 1472 2892 ve-

409 2952 517 3010 terum
529 2942 678 3028 exemplo
691 2942 867 3028 approbari
884 2943 1020 3028 possint,
1037 2941 1146 3006 facilis
1162 2952 1213 3007 est
1228 2941 1276 3009 illi
1290 2945 1471 3028 responsio,

410 3082 484 3126 cnm
507 3059 616 3125 nullus
640 3061 683 3124 sit
699 3061 839 3124 inomni
855 3060 1057 3144 antiquitate
1079 3060 1231 3144 scriptor,
1247 3060 1303 3146 qui
1320 3081 1386 3124 non
1403 3057 1467 3124 sibi

410 3177 573 3265 quaedam
597 3177 732 3260 propria
755 3185 788 3238 et
811 3175 993 3260 peculiaria
1008 3185 1077 3239 tam
1100 3176 1136 3240 in
1157 3173 1296 3240 vocibus
1319 3174 1468 3260 singulis,

412 3314 512 3380 quam
524 3293 560 3356 in
571 3294 729 3356 universa
742 3291 896 3374 dictione,
908 3289 1038 3355 habeat.
1052 3291 1093 3355 In
1105 3291 1205 3355 Livio
1217 3292 1471 3376 patavinitatem

412 3406 679 3494 deprehendebat
702 3407 823 3490 Pollio,
847 3407 888 3470 de
912 3406 1082 3472 (liceronis
1106 3406 1329 3492 singularibus
1344 3407 1467 3474 librum

416 3526 548 3611 scripsit
572 3523 722 3590 Statilius
746 3524 924 3588 Maximus.
948 3524 1137 3609 Propterea,
1164 3531 1202 3588 ut
1229 3545 1289 3608 ego
1316 3525 1474 3611 suspicor,

413 3640 645 3728 petronianum
668 3639 834 3726 eloquium
857 3637 954 3704 valde
977 3637 1151 3725 inaequale
1167 3638 1401 3705 Tiraboschius
1417 3662 1473 3705 no·

415 3765 481 3822 ster
505 3758 659 3840 agnovit3
683 3755 879 3841 improbum¹
894 3778 932 3820 ac
947 3755 1148 3844 maculosum
1171 3756 1376 3843 vituperavit
1395 3755 1474 3822 Vol-

414 3875 519 3938 tairus
543 3872 698 3958 mordax3
722 3872 828 3936 irrisit
843 3869 934 3937 nulla
952 3893 1087 3957 prorsus
1102 3870 1325 3940 sollicitudine
1337 3873 1475 3958 dignum

415 3991 600 4056 Lcclercus.

446 4107 507 4172 ‘At
529 4129 607 4171 vero
630 4105 693 4172 hae
708 4106 829 4171 satirae
853 4125 1023 4192 nunqnam
1038 4103 1267 4174 laudatoribus
1287 4115 1476 4193 caruerunt,

417 4224 500 4290 viris
516 4223 723 4289 doctissimis.
736 4220 874 4287 Arbiter
889 4220 1046 4308 leporum,
1063 4229 1096 4287 ct
1108 4221 1212 4293 salsus
1227 4231 1368 4309 pateret
1383 4222 1477 4290 salax
