3416 5306
1239 464 1275 521 23

248 597 400 656 comatoria
419 595 487 671 (21).
516 597 598 664 Quae
616 595 654 652 ad
673 614 787 654 comam
797 596 1040 669 distinguendam
1051 597 1186 655 inservit.
1195 597 1276 654 Acus

211 696 380 768 comatoria,
391 701 444 751 aut
454 694 583 766 crinalis,
594 693 884 750 calamistratorium.
894 693 985 768 Apud
1000 693 1118 768 Apulei.
1127 695 1199 752 Met.
1208 711 1278 753 v111:

211 795 307 852 ‹Aeu
326 793 430 850 crinali
448 793 485 850 de
504 794 601 866 capite
620 798 793 866 prompta.»

251 921 360 977 tenuta
379 918 448 992 (58).
463 917 689 974 Dominutivum
708 933 818 974 comae.
836 917 963 990 Legitur
981 917 1073 974 etiam
1090 917 1171 992 apud
1193 917 1278 976 Gom·

214 1017 343 1074 modian.
361 1016 398 1073 de
410 1018 495 1072 instr.
505 1031 546 1074 nx
558 1017 602 1073 11.

248 1143 374 1213 concepti
396 1141 465 1215 (33).
490 1139 658 1213 Conceptus
677 1159 730 1213 pro
749 1141 834 1198 foetu
850 1141 965 1197 latente
983 1146 1030 1198 est
1048 1141 1128 1215 apud
1145 1142 1268 1214 Sueten.

210 1241 321 1297 Domit.
339 1253 417 1296 xx11:
432 1259 448 1296 ‹
461 1244 564 1296 coacta
591 1245 766 1312 conceptum
780 1257 811 1324 ,a
839 1257 871 1295 se
899 1240 1020 1312 abigere
1036 1259 1055 1295 ›
1077 1245 1108 1296 et
1126 1241 1205 1314 apud
1223 1241 1276 1297 Oo-

209 1338 323 1398 lumell.
341 1338 417 1396 Plin.
436 1338 566 1395 Scribon.
585 1338 705 1410 passim.

247 1465 396 1524 convivare
416 1463 483 1536 (57).
507 1462 543 1518 Id
567 1468 612 1518 est
640 1461 778 1520 convivia
804 1462 912 1520 facere,
940 1462 988 1518 Sic
1015 1461 1130 1520 Ennius
1157 1462 1189 1520 in
1216 1469 1272 1522 sat,

211 1582 230 1618 ‹
248 1562 328 1619 Malo
346 1561 454 1618 Hercle
483 1577 537 1617 suo
565 1579 673 1633 magno
702 1560 841 1619 convivat
868 1559 932 1616 sine
959 1560 1055 1618 modo.
1075 1580 1092 1615 a
1111 1561 1159 1618 Sic
1187 1561 1277 1619 etiam

175 1679 180 1684 ·
212 1662 355 1734 Pompon.
373 1676 426 1718 ΠΙ
444 1660 505 1716 21.,

249 1787 415 1846 consiliator
425 1784 493 1860 (76).
502 1784 586 1841 Idem
605 1790 636 1840 et
655 1783 850 1841 consiliarius
860 1783 949 1857 Apud
968 1782 1279 1842 Phaedr.116:‹con·

212 1885 328 1942 siliator
336 1884 522 1941 maleficus.»
533 1882 598 1949 Quo
609 1881 704 1938 utitur
712 1881 805 1938 'etiam
813 1881 939 1954 Plinius,
948 1883 1002 1955 Ep.
1011 1898 1051 1954 1v‚
1061 1882 1245 1956 Lactantius,
1254 1900 1277 1939 11
1304 1941 1310 1950 ,

212 1987 244 2040 et
261 1997 301 2054 Ν,
319 1983 446 2054 interpr.
455 1981 560 2038 Iuven.
570 1986 626 2037 sat.
636 1996 680 2038 vu
690 1980 751 2038 124.
760 1981 967 2037 ExstatinDu
976 1979 1082 2052 (langii
1090 1981 1191 2040 Lexie.
1199 1982 1277 2038 med.

211 2086 245 2138 et
261 2078 491 2160 indiatinitatis.

247 2208 417 2264 constratum
427 2205 513 2278 (100).
523 2203 662 2276 Tabulae,
672 2209 726 2260 aut
733 2203 815 2259 aliud
825 2204 976 2277 quidpiam
987 2209 1180 2262 constratum.
1187 2206 1277 2280 Apud

210 2303 278 2360 Liv.
295 2319 357 2360 xxx
375 2302 422 2358 10:
441 2301 550 2360 ‹levia
567 2300 689 2374 navigia
707 2302 763 2358 sub
782 2303 943 2359 constratis
961 2303 1097 2376 pontium
1115 2321 1168 2376 per
1185 2304 1275 2361 inter·

212 2403 295 2460 valla
313 2401 546 2458 excurrebant.»

155 2589 158 2594 ,
252 2529 472 2604 coptoplacentis
500 2525 565 2599 (40).
590 2525 832 2598 coptoplacenta,
849 2543 958 2598 graeca
975 2543 1045 2583 vox:
1065 2527 1278 2594 κοπτοπλακοῦς,

213 2644 290 2700 quae
310 2630 345 2682 ab
372 2625 482 2682 Athen.
500 2640 552 2681 nv
578 2625 613 2680 13
640 2624 718 2680 inter
744 2625 898 2696 placentas
927 2629 1125 2682 enumeratur.
1144 2625 1277 2683 Adnotat

211 2725 372 2782 Heinsius:
386 2743 403 2778 c
415 2723 663 2796 Coptoplacentae
676 2723 854 2779 vocabulum
868 2723 1056 2780 conservavit
1067 2724 1153 2781 nobis
1172 2731 1275 2780 auctor

211 2822 354 2900 poematii
380 2822 416 2879 de
438 2820 548 2877 iudicio
572 2821 634 2878 coci
651 2826 689 2888 ,et
710 2819 840 2893 pistoris,
858 2820 890 2876 in
909 2820 1068 2878 catalectis
1084 2821 1273 2879 Pithoeanis:

117 2965 119 2972 .
212 2922 276 2978 Nos
294 2921 420 2978 fecimus
438 2921 549 2993 populo
568 2918 702 2975 studiose
722 2920 1001 2992 coptoplacentas.»

251 3047 396 3106 cordacem
409 3045 465 3118 (52)
476 3044 604 3102 Oordax:
620 3042 740 3100 saltatio
755 3044 927 3100 indecenter
947 3049 1058 3100 ornate.
1068 3045 1157 3117 Apud
1175 3043 1268 3102 Cicer,

213 3151 289 3202 orat.
305 3146 348 3217 57,
366 3145 401 3201 de
413 3145 566 3201 trochaeo:
580 3163 597 3198 ‹
610 3143 764 3199 cordacem
783 3143 948 3215 appellet.»
966 3143 1055 3216 Apud
1071 3143 1192 3210 Quintil.
1214 3159 1246 3198 1x
1259 3143 1278 3198 4

213 3263 232 3299 ‹
252 3244 336 3316 eique
358 3242 491 3300 cordacis
508 3259 616 3298 nomen
634 3240 758 3313 imponit
771 3259 800 3311 ος
819 3241 868 3296 hic
887 3241 965 3296 enim
977 3259 1083 3298 versus
1102 3241 1134 3297 in
1153 3243 1276 3299 cordece

212 3342 425 3415 usurpabatur.

249 3470 445 3526 tor-retundere
464 3465 681 3540 (septemanas
701 3465 789 3520 saeta.
807 3465 864 3521 Usi
883 3471 953 3520 sunt
980 3465 1038 3521 hoc
1065 3465 1157 3522 verbo
1180 3472 1211 3522 et
1229 3466 1278 3522 Se·

212 3584 289 3622 neca
305 3566 337 3622 in
349 3570 463 3637 quaest.
481 3570 543 3620 nat.
562 3579 593 3619 lv
611 3565 636 3635 3,
657 3572 687 3618 et
706 3563 851 3636 Vegetius
869 3563 991 3635 passim.

249 3690 387 3762 carymbin
407 3689 494 3763 (100).
513 3689 703 3762 Oorymbium
722 3695 769 3745 est
786 3688 930 3744 muliebre
944 3693 1149 3745 ornamentum
1162 3691 1280 3762 capitis.

213 3789 328 3846 Graeca
345 3807 416 3846 vox:
435 3789 586 3862 κὼρομβος.
602 3787 726 3843 Nullum
735 3793 835 3843 exstat
847 3787 907 3842 nisi
919 3786 1053 3843 Petronii
1065 3788 1243 3859 exemplum.

248 3934 380 3991 cruciarii
400 3931 488 4005 (112).
516 3930 685 3987 cruciarius
704 3930 755 4001 qui
782 3929 813 3984 in
839 3947 927 3986 cruce
945 3930 994 3986 vel
1013 3947 1048 3986 ea
1058 3929 1176 4001 dignus,
1196 3930 1278 3988 inve·

209 4032 295 4088 nitur
313 4031 403 4088 etiam
421 4028 501 4102 apud
518 4028 634 4100 Apulei.
645 4027 803 4098 Metamx,
824 4028 903 4100 apud
921 4027 1279 4100 Oaipurn.Deolam.xx11

212 4117 246 4187 et
263 4128 343 4202 apud
361 4127 461 4184 Senec.
472 4127 656 4184 Controv.111
668 4128 715 4184 91:
729 4146 746 4180 ‹<
759 4125 831 4182 fecit
844 4144 876 4183 se
890 4125 1018 4183 similem
1030 4132 1166 4199 tyranno,
1186 4127 1279 4183 liliam

211 4227 318 4302 raptis,
336 4225 477 4284 libertum
495 4223 656 4282 cruciariis.
666 4243 684 4280 a
