3416 5306
280 455 283 465 ’
394 483 430 539 38

430 617 577 676 Pullarlum
596 613 664 688 (42).
682 613 744 672 Vas
763 613 858 670 estin
876 630 934 686 quo
951 613 1020 687 puls
1033 611 1178 686 coquitur.
1191 610 1293 669 Etiam
1305 610 1461 670 invenitur

395 714 474 789 apud
491 713 566 770 Plin.
585 729 628 771 v11
656 713 705 769 53:
723 731 741 767 c
761 710 887 769 calidam
904 710 1055 785 potionem
1082 710 1113 767 in
1130 709 1261 785 pultario
1279 710 1424 784 poposcit.
1444 729 1461 764 ›

394 812 461 870 vid.
472 811 610 896 etiamad
620 811 696 868 (lels.
709 826 732 866 11
744 813 770 867 2.
783 811 895 867 Tamen
903 827 977 867 usus
988 809 1053 867 eius
1069 809 1159 866 etiam
1170 808 1209 866 ad
1221 795 1382 866 bibendum
1392 826 1461 866 oon-

396 915 528 966 tcstatur
546 911 633 969 Mart.
653 924 710 966 x111
728 909 753 965 8.

434 1061 587 1119 Pulvlnarls
606 1058 675 1134 (37).
693 1061 720 1116 Α
738 1058 868 1133 pulvino,
882 1058 933 1133 qui
942 1059 1072 1116 lectulus
1086 1064 1133 1116 est
1144 1059 1247 1133 pluma
1259 1059 1310 1116 vel
1328 1064 1462 1116 tomento

397 1157 506 1216 factus.
524 1157 595 1214 Pica
612 1157 777 1231 pulvinaris
796 1163 843 1226 est
860 1157 927 1230 pica
944 1156 975 1212 in
997 1156 1120 1230 pulvino
1145 1156 1260 1228 sedens,
1286 1156 1356 1213 dum
1374 1157 1462 1230 picae

398 1255 430 1312 in
449 1273 539 1312 cavea
558 1255 776 1312 custodiuntur.

907 1556 961 1616 Q

387 1801 389 1811 y
438 1733 620 1794 duaslllatlat
647 1732 733 1805 (182).
757 1732 965 1800 Quasillariae:
985 1750 1080 1806 genus
1101 1733 1309 1790 ancillularum
1328 1733 1460 1790 omnium

402 1829 624 1902 sporoissimum
633 1848 668 1885 ac
679 1829 948 1904 despicatissimum
962 1831 1092 1903 (Gnoss.)
1106 1830 1285 1898 Quasillaria
1294 1850 1312 1887 a
1325 1831 1462 1904 quasillo,

263 1917 265 1932 '
335 1928 340 1934 “
402 1928 472 2001 quia
485 1927 611 2001 quasillo
624 1926 908 2001 affixalninscript.
919 1929 998 2002 apud
1011 1929 1128 1986 Gruter.
1140 1943 1286 2002 nexuum,
1300 1930 1329 1985 5:
1348 1947 1465 1987 ‹musa

404 2025 577 2100 quasillaria
596 2025 655 2083 vix,
674 2043 741 2082 ann.
759 2041 830 2083 xxx.
848 2046 865 2081 a

913 2331 968 2378 R

441 2510 578 2566 Retulllus
589 2507 657 2582 (68).
664 2507 874 2578 Exulceratus3
885 2509 1038 2566 sedetiam
1048 2510 1212 2585 deludam,
1223 2512 1271 2568 cui
1279 2514 1468 2588 praeputium

319 2640 321 2644 ·
405 2612 553 2662 resectum
570 2605 636 2677 fuit,
656 2605 773 2662 dicitur.
791 2607 880 2680 Apud
898 2609 1012 2665 Persv
1031 2609 1095 2666 184:
1111 2610 1325 2684 «recutitaque
1344 2613 1469 2670 sabbata

405 2704 508 2777 palles,
521 2723 539 2758 »
557 2704 636 2777 apud
648 2705 774 2762 Martial.
793 2707 906 2762 v1130:
925 2707 1079 2764 «recutiti
1097 2707 1238 2778 Iudaei.)

441 2847 553 2906 stoloni
572 2845 641 2919 (57).
659 2846 811 2904 Ridioleus
829 2847 940 2906 rustice
951 2867 1005 2923 pro
1016 2848 1169 2923 ridiculus,
1184 2857 1219 2908 ut
1237 2852 1309 2908 alibi
1328 2850 1394 2909 offla
1412 2872 1467 2927 pro

407 2943 508 3016 offula,
524 2944 683 3017 peduclum
700 2964 754 3019 pro
772 2945 941 3020 pediculum
959 2947 1079 3020 legitur.
1169 2975 1181 2998 ·
1461 2937 1465 2946 ’

443 3422 568 3481 Satelles
589 3424 673 3498 (140).
693 3425 825 3483 Sacellus
837 3445 891 3500 pro
905 3429 1022 3485 sacculo
1041 3429 1175 3492 traditur¹
1188 3430 1268 3505 apud
1286 3425 1404 3490 infimae
1423 3435 1471 3490 la-

407 3521 536 3577 tinitatis
555 3520 729 3594 scriptorem
746 3524 832 3581 Alex.
850 3527 872 3582 J
873 3527 1063 3601 atrosoph.in
1081 3529 1215 3603 Ducang.
1234 3530 1334 3587 Lexic.
1354 3550 1372 3586 c
1383 3532 1473 3589 mira-

407 3619 507 3676 biliter
525 3619 604 3676 enim
621 3619 727 3678 iuvant
746 3623 831 3680 etde
850 3625 912 3680 sale
931 3625 1042 3698 sacelli,
1063 3626 1175 3700 siquis
1194 3629 1330 3701 singulos
1343 3631 1472 3688 sacellos

408 3717 481 3774 salis
500 3723 531 3774 et
548 3716 630 3774 ordei
647 3719 825 3777 torrefactos
844 3723 1022 3794 singillatim
1039 3725 1182 3799 imponat.
1195 3745 1212 3780 a

446 3869 526 3928 saulo
543 3868 615 3944 (56).
633 3868 699 3928 Vid.
718 3871 756 3926 ad
775 3874 988 3947 Aooroptaulae.

445 4022 623 4081 Salamandra
634 4023 696 4094 (107
698 4043 716 4094 ,u
728 4023 826 4082 Huius
839 4026 976 4084 animalis
988 4045 1096 4085 nomen
1107 4046 1259 4102 nunquam
1277 4037 1376 4091 exstat
1394 4033 1475 4106 apud

411 4135 500 4174 sanae
518 4119 676 4178 latinitatis
696 4122 864 4195 scriptores.
880 4126 988 4182 Fertur
998 4132 1098 4184 tamen
1107 4127 1138 4183 in
1148 4128 1274 4186 Martial.
1287 4130 1388 4204 Epigr.
1401 4146 1425 4188 11
1438 4134 1474 4190 66

412 4214 497 4272 «hoc
510 4217 698 4276 salamandra
714 4226 831 4292 notet»
846 4222 994 4296 Pliniiqne
1013 4224 1045 4281 in
1066 4226 1101 4282 N.
1119 4226 1157 4282 Η.
1175 4226 1295 4300 passim.
