3416 5306
719 500 726 530 i
1229 467 1261 525 le

233 594 425 652 Bulaeneelaur
447 594 512 666 (21).
533 595 710 652 Belaenaeia
726 595 758 652 id
776 600 823 654 esi
842 613 879 653 ex
896 597 1022 655 balaena
1039 559 1262 656 faetaNullnm

194 691 257 748 nisi
274 691 408 748 Pebronii
427 697 527 749 exstat
546 695 721 766 exemplum.

233 847 360 904 Balissus
375 846 433 919 (42)
446 847 502 904 Vel
515 850 663 904 balineum
674 849 801 920 legatur,
811 854 846 904 ub
859 849 938 922 apud
949 848 1026 907 Plin.
1036 867 1083 923 ep.
1094 866 1119 906 11
1129 852 1176 907 17:
1185 870 1203 905 ‹
1213 851 1261 910 ba·

194 941 286 998 lineie
307 943 381 999 cella
393 943 550 1016 frigidaria
561 964 580 1000 >
597 946 647 1003 vel
666 948 810 1018 balineas,
830 947 876 1002 ubi
892 947 966 1002 mihi
983 946 1202 1004 restibuendum
1219 947 1261 1005 vi·

196 1041 293 1096 detur.
317 1041 376 1099 cfr.
392 1042 577 1116 inscription.
596 1045 676 1118 apud
693 1044 798 1102 Marin.
817 1044 885 1101 irai.
909 1047 981 1103 Arv.
1000 1045 1068 1102 532:
1091 1064 1110 1100 ‹
1127 1045 1262 1102 balineus

194 1140 280 1197 levat
297 1158 379 1197 more
396 1142 498 1198 urbieo
510 1162 536 1198 ».

235 1285 426 1342 narratorum
441 1285 508 1359 (73).
522 1287 696 1342 Barbatoria
709 1292 809 1343 exstat
818 1287 849 1342 in
862 1288 978 1344 Glossis
991 1288 1133 1361 Sbephani
1146 1293 1176 1343 et
1187 1287 1263 1343 Lab-

196 1381 278 1437 baei:
305 1382 383 1437 idem
410 1390 498 1439 sonui
516 1403 551 1440 ae
573 1386 673 1440 barba.
704 1387 819 1441 Barbae
843 1387 950 1442 recisio
974 1393 1022 1443 est
1046 1386 1125 1460 apud
1146 1388 1264 1444 Porcel-

197 1480 317 1536 lininm.
334 1481 478 1554 Ducange
497 1483 536 1537 ad
554 1483 677 1554 Gregor.
702 1486 864 1541 Taronens.
883 1486 962 1540 Hisb.
984 1505 1004 1540 x
1026 1487 1051 1555 6,
1073 1485 1125 1540 ubi
1147 1503 1265 1541 aeeusa·

197 1585 263 1634 tam
281 1579 463 1635 abbatissam
482 1581 697 1653 Piobavensem
717 1585 796 1654 quael
814 1587 919 1639 villam
938 1586 972 1639 de
993 1599 1067 1640 aare
1087 1587 1264 1640 exornatam

196 1679 281 1746 nepti
298 1693 372 1732 suae
399 1679 550 1746 superflue
579 1681 701 1746 dederit,
728 1680 917 1734 barbatorias
948 1682 1028 1734 iolas
1059 1681 1191 1751 eoquod
1218 1695 1262 1734 ee-

196 1776 364 1844 lebraverib‚
384 1774 530 1830 ludicram
547 1775 744 1831 festivitatem
763 1776 900 1848 explieat.
925 1775 983 1834 cfr.
1004 1777 1074 1848 gall.
1093 1777 1172 1832 aruh.
1192 1779 1261 1833 bar-

197 1872 288 1928 baire.
935 1881 941 1888 ’

235 2017 334 2072 Barbie
364 2015 433 2087 (99).
468 2015 528 2071 Pro
555 2017 655 2072 barba.
683 2018 782 2072 Etiam
809 2017 960 2074 invenitur
983 2015 1061 2089 apud
1085 2017 1202 2089 Apulei.
1232 2016 1265 2070 in

88 2189 92 2196 Ι
196 2113 319 2168 Metam.
338 2127 382 2169 Νι
401 2111 597 2168 ‹Perbunum
616 2115 743 2169 caerulis
767 2115 866 2169 barbis
894 2114 1087 2186 hispidum.»
1106 2113 1165 2170 afr.
1187 2111 1265 2184 hisp.

197 2212 322 2268 barbas.

236 2357 369 2411 Barualae
384 2353 451 2425 (67).
464 2315 638 2410 Babaculae
652 2373 669 2408 a
681 2353 835 2426 Ducangio
848 2354 969 2425 legibue,
983 2359 1139 2426 quaesunt
1151 2353 1261 2422 babuli,

198 2450 329 2522 bahnrri,
350 2450 445 2522 sinlei,
463 2441 570 2522 inopum
591 2454 682 2508 baeeli
700 2471 718 2506 a
737 2450 899 2522 Soheffer03
913 2454 1057 2508 berbeouli
1076 2471 1094 2506 a
1108 2450 1264 2523 Reinesi03

200 2551 343 2606 barcalae
356 2549 442 2621 quasi
460 2549 519 2606 viri
536 2549 634 2603 uxorii
653 2568 689 2604 ex
707 2551 797 2624 βάρκη
810 2549 965 2621 pudendis,
979 2549 1015 2604 ab
1028 2549 1172 2620 Anbouio;
1184 2539 1265 2634 bari-

200 2650 260 2704 culi
278 2648 314 2702 ab
334 2647 452 2719 oriolio,
471 2667 500 2720 p.
518 2648 562 2702 41.

236 2792 372 2850 Biluruum
386 2791 443 2863 (62)
451 2789 590 2845 Bifurous
603 2791 791 2847 substantive
803 2796 966 2863 usurpatus
980 2796 1027 2847 esb
1038 2790 1123 2846 furea
1133 2791 1264 2846 crurium

200 2905 256 2944 seu
272 2888 374 2961 potius
393 2888 543 2944 inferioris
566 2888 755 2944 maxillarum
779 2889 873 2961 partis
892 2907 986 2960 usque
1012 2889 1050 2944 ad
1074 2889 1185 2960 gulam.
1205 2889 1265 2945 cfr.

199 2988 306 3058 Vegeb.
317 2987 350 3042 in
368 2993 423 3044 ari.
441 2987 604 3043 valerium
622 2987 672 3042 40:
691 3007 708 3040 «
722 2987 797 3042 duae
817 3007 834 3042 a
853 2987 949 3060 eapite
962 3005 1056 3043 venae
1070 2986 1262 3058 descendum,

202 3089 233 3140 et
252 3084 431 3140 conveniunt
450 3101 481 3139 se
501 3085 557 3139 sub
573 3085 701 3142 maxillis
721 3085 759 3139 ad
778 3086 889 3155 gulam,
907 3084 976 3139 inde
996 3104 1014 3140 a
1031 3083 1159 3156 geminis
1178 3083 1263 3140 venis

200 3181 326 3238 inferius
352 3188 480 3254 quatuor
505 3181 608 3254 digiae
631 3183 845 3238 ferramentum
871 3182 1020 3254 deprimis,
1043 3190 1088 3238 ne'
1107 3186 1139 3238 in
1164 3183 1266 3254 gulam

200 3279 305 3336 mittas
325 3285 354 3335 eb
373 3279 534 3336 bifurcumb
552 3297 655 3352 angus,
680 3286 710 3334 ei
727 3280 892 3336 iumentum
915 3279 1041 3336 occidas.
1063 3300 1080 3334 a

239 3425 345 3482 Besalis
364 3423 432 3497 (58).
450 3423 486 3478 ld
506 3428 552 3478 est
570 3423 704 3493 bessalia
725 3443 742 3478 a
760 3424 847 3479 besse
861 3423 1030 3482 deductum.
1045 3423 1134 3496 Apud
1147 3423 1265 3480 Vitruv.

202 3536 222 3580 v
235 3522 269 3578 10
283 3539 298 3576 e
318 3522 349 3578 7:
368 3521 550 3576 «latereulis
563 3521 729 3578 bessalibus
743 3521 821 3593 pilae
835 3527 997 3578 sinuantur.
1008 3540 1024 3574 >›
1037 3521 1126 3594 Apud
1138 3520 1267 3578 Martial.

202 3635 260 3677 vm
279 3620 312 3674 71
332 3639 350 3674 a
362 3618 489 3675 bessalis
509 3620 626 3676 scutula
638 3639 664 3675 >>.
687 3697 691 3706 1

238 3774 364 3830 Bisaeele
386 3771 454 3845 (31).
475 3771 642 3827 Biseeoius:
662 3790 721 3828 vox
738 3791 806 3826 rara
824 3771 903 3844 apud
921 3772 1053 3830 melioris
1066 3777 1154 3828 notae
1174 3771 1264 3842 serip-

203 3875 298 3941 tores;
317 3869 447 3925 rebineni
465 3874 566 3924 tamen
585 3889 602 3923 a
626 3869 719 3924 latino
738 3869 870 3941 plerique
899 3887 1058 3940 sermones,
1079 3869 1129 3942 qni
1149 3868 1264 3925 romani

203 3966 346 4024 neolabini
364 3967 452 4023 hodie
471 3968 673 4040 appellanbum
692 3972 726 4022 ub
745 3986 834 4040 supra
853 3966 966 4022 diobum
985 3974 1040 4024 est.

240 4111 358 4168 Bruuius
378 4109 446 4184 (74).
465 4109 574 4180 Bonus,
589 4109 767 4181 commodus,
786 4109 919 4181 idoneus,
934 4111 1008 4198 gall.
1037 4113 1169 4176 bunasse,
1190 4107 1267 4179 hisp.

207 4209 257 4265 vel
276 4209 421 4280 abaaado,
440 4209 555 4280 neapol.
575 4209 732 4266 abboaaia.
