3416 5306
1259 415 1295 473 25

266 547 421 604 discoloria
438 546 494 620 (97)
522 545 706 604 Discoloriue
725 553 773 606 est
800 546 935 604 discolor.
960 533 1084 606 Nullum
1111 553 1212 606 exstat
1236 549 1296 607 uici

230 641 364 700 Petronii
381 646 559 718 exemplum.

266 797 383 867 lllapure
403 797 461 870 (46)
480 797 516 853 Id
535 801 582 853 eet
599 796 802 869 inaequaliter,
815 796 848 853 in
865 796 950 854 Actis
963 797 1012 855 SS.
1024 797 1136 871 Aprilis
1149 814 1181 873 Π,
1194 818 1223 874 p.
1233 800 1295 858 724.

267 951 449 1007 domusionem
468 948 528 1022 (46)
547 947 690 1006 Domusio
709 953 756 1005 ast
773 965 849 1006 usne
868 948 955 1022 domi,
978 968 997 1006 a
1013 949 1100 1008 domo
1125 955 1157 1008 et
1180 950 1294 1008 usione.

228 1045 353 1102 Nullum
371 1051 472 1102 exstat
488 1046 547 1102 nisi
564 1045 698 1102 Petronii
716 1047 894 1119 exemplum.

267 1199 383 1256 donaria
402 1197 471 1270 (59).
489 1196 621 1253 Dunaria
638 1197 671 1253 in
689 1198 752 1253 cod.
770 1198 959 1270 Tragurisns.
978 1198 1061 1255 Idem
1078 1200 1157 1273 quod
1175 1200 1294 1274 donum,

229 1297 368 1368 potiusve
396 1295 578 1354 adiectivum
605 1295 753 1367 donarius,
773 1314 798 1366 a,
821 1314 873 1352 um
896 1315 914 1352 a
940 1295 1025 1353 dono.
1048 1299 1085 1354 In
1109 1297 1220 1356 Oharta
1237 1300 1293 1356 Ri-

229 1394 332 1450 chardi
344 1395 420 1468 Reg.
437 1394 506 1466 Agl.
521 1412 546 1450 a.
560 1394 631 1451 1192
642 1412 697 1468 pro
708 1391 828 1466 pendat.
841 1395 970 1452 Monast.
981 1395 1109 1452 Sarmac.
1122 1397 1191 1454 Ord.
1201 1397 1292 1455 Gran-

229 1491 423 1580 dimontensis
444 1489 515 1566 (Ofr.
533 1485 695 1564 Ducangl:
714 1512 732 1547 ‹
743 1510 863 1566 pascua¹
881 1493 1035 1566 pasuagio,
1054 1493 1184 1551 donaria.
1196 1515 1214 1551 ›

265 1646 390 1717 Dupundll
403 1645 462 1718 (58)
473 1644 665 1718 Dupundium
674 1651 721 1702 est
730 1650 849 1702 moneta
857 1664 980 1703 romana
992 1646 1067 1704 duos
1080 1649 1184 1704 valens
1199 1665 1298 1726 asses..

227 1743 319 1817 Apud
337 1744 460 1800 Varron.
470 1745 503 1800 L.
513 1743 668 1801 chn149:
686 1743 761 1800 «hic
775 1743 945 1816 dupundius
958 1750 989 1801 et
1005 1745 1062 1801 hoc
1075 1744 1266 1819 dupundium.
1275 1767 1293 1803 a

229 1844 339 1898 Exstat
356 1841 388 1898 in
405 1841 523 1931 infimae
542 1841 700 1899 latinitatis
711 1841 919 1916 scriptoribus:
932 1841 985 1900 cfr.
998 1843 1105 1900 lustin.
1118 1843 1149 1900 in
1166 1843 1293 1918 praelat.

148 2003 154 2014 Ι
227 1939 344 2012 Digest.

264 2093 467 2174 llupunduatlus
476 2091 536 2166 (58)
545 2092 593 2148 Ad
602 2091 786 2165 dupundium
795 2048 956 2166 pertinens
968 2093 1057 2150 homo
1066 2093 1181 2152 vilioris
1195 2095 1293 2168 pretii.

227 2189 317 2262 Apud
330 2189 448 2246 Colum:
461 2209 479 2245 r
491 2189 680 2263 dupundiarii
697 2190 829 2248 orbiculi.
838 2210 857 2246 ›
866 2187 906 2247 Et
924 2191 1003 2264 apud
1020 2191 1094 2268 Plin.
1108 2193 1230 2265 passim.

679 2349 681 2354 ¹
735 2387 785 2433 Er

264 2547 438 2615 Elapldarlon
449 2545 535 2620 (109).
553 2544 637 2602 Idem
654 2545 732 2618 quod
751 2544 907 2618 elegidion.
918 2547 1042 2604 Nullum
1055 2551 1155 2604 exstat
1166 2546 1225 2604 nisi
1238 2548 1292 2606 Pe·
1387 2547 1392 2560 ’

228 2644 321 2700 tronii
340 2644 517 2716 exemplum.

267 2797 470 2855 [maastcocrac
491 2795 559 2870 (24).
572 2796 910 2869 Embasi'ooeta:graeca
932 2814 1005 2855 vox:
1025 2794 1225 2875 ἐμβαὸικοὶτης,
1245 2801 1290 2856 ci-

229 2894 353 2965 naedus,
371 2893 409 2949 ab
428 2894 550 2967 ἔμβασις,
567 2894 733 2966 inscensus,
753 2900 783 2950 et
801 2896 897 2970 actm.
912 2896 1019 2951 cubile.
1043 2897 1167 2953 Nullum
1191 2904 1293 2956 exstat

227 2992 288 3049 nisi
304 2991 439 3049 Petronii
457 2993 574 3065 exempl
627 3034 633 3046 .

263 3148 393 3202 Eubulum
404 3144 473 3218 (30).
484 3143 598 3200 Graeba
616 3162 689 3202 vox:
709 3144 835 3218 ἔμβολον,
853 3145 884 3201 id
903 3151 950 3202 est
965 3152 1096 3202 rostrum
1108 3147 1204 3206 navis.
1216 3150 1290 3206 Nul-

225 3243 292 3298 lum
310 3248 410 3299 exstat
424 3241 486 3308 nisi
504 3243 637 3300 Petronii
655 3245 832 3316 exemplum.

264 3395 411 3463 empticus
421 3393 489 3467 (67).
500 3393 586 3460 Quod
598 3394 656 3452 emi
669 3393 754 3452 solet.
768 3395 856 3467 Apud
871 3395 956 3454 Varr.
968 3396 1004 3452 R.
1017 3396 1055 3452 R.
1066 3397 1084 3452 3
1096 3415 1114 3451 ‹
1125 3396 1175 3454 hic
1188 3417 1291 3471 aprum
1393 3473 1398 3482 .
1476 3437 1481 3456 .

133 3571 135 3582 ⁴
227 3492 315 3564 glans
329 3509 396 3546 cum
407 3492 505 3564 pascit
523 3491 669 3565 empticia.
683 3511 701 3547 ›
712 3493 748 3548 In
757 3493 895 3574 Inscript.
905 3494 985 3567 apud
1003 3494 1164 3553 Gruterum
1172 3511 1248 3554 non
1257 3498 1291 3553 14

225 3607 245 3644 e
258 3589 390 3662 empticii
407 3589 443 3646 de
463 3607 518 3647 suo
537 3589 680 3648 fecerunt.
700 3611 718 3646 a

261 3743 396 3812 Epidipnls
416 3741 483 3816 (69).
495 3743 609 3798 Graeca
626 3760 695 3815 vox,
715 3743 752 3798 ab
771 3744 813 3798 ἐπὶ
831 3749 908 3816 post,
925 3750 955 3800 et
975 3745 1089 3818 δεῖπνον,
1108 3763 1189 3802 cena.
1201 3717 1290 3819 Apud

228 3840 357 3896 Martial.
376 3840 478 3896 x132:
496 3859 513 3895 u
531 3840 580 3896 hic
598 3858 681 3897 seras
701 3840 885 3914 epidipnidas
903 3843 1029 3915 parabit.
1049 3863 1066 3898 e

262 3968 360 4035 turico
379 3966 446 4040 (aa).
475 3965 604 4038 Euripus
632 3966 668 4022 ab
687 3966 825 4041 'nopae
845 3967 896 4039 qui
914 3967 1043 4024 saccum
1068 3974 1115 4026 est
1135 3969 1214 4025 aner
1235 3971 1290 4026 aa·
1346 3955 1355 4025 f

225 4065 329 4120 bosam
347 4082 382 4120 ac
400 4064 547 4134 Beotiam;
566 4065 615 4120 hic
632 4083 685 4138 per
697 4066 901 4138 metaphoram
914 4066 1080 4123 adhibetur.
1093 4067 1182 4140 Apud
1195 4067 1289 4125 Cicer.

224 4180 278 4236 pro
297 4161 372 4220 Mur.
391 4163 426 4217 17
444 4181 462 4217 c
474 4162 553 4235 quod
573 4162 651 4220 enim
662 4162 781 4236 fretum,
800 4182 888 4237 quem
907 4163 1070 4238 euripum»
1085 4171 1116 4222 et
1132 4165 1255 4239 passim.
