3416 5306
1249 534 1281 592 13

214 687 329 733 scurra
342 665 574 754 neapolitanus
588 667 747 734 scribenti
770 670 926 735 Petronio
941 668 1097 736 adfuerit.
1118 669 1205 736 Sane
1223 669 1280 756 qui

216 785 445 870 petronianam
471 783 638 850 licentiam
669 807 744 850 oum
779 782 872 870 vulgi
907 785 1109 874 neapolitani
1144 785 1280 850 licentia

218 898 404 983 contulerit,
428 923 508 964 vera
531 899 623 965 illum
648 899 758 966 dicere
781 902 969 1000 comperiet.

262 1016 327 1082 Sed
351 1025 384 1081 et
407 1015 590 1080 idiotismos
612 1038 678 1081 non
701 1016 806 1081 nullos
830 1019 901 1103 ipse
928 1017 1145 1103 deprehendit
1166 1021 1202 1084 in
1229 1041 1278 1117 sa·

217 1133 301 1216 tiris,
325 1131 443 1198 Italiae
470 1133 617 1220 reliquae
640 1155 725 1220 pene
747 1135 974 1219 incompertos,
998 1144 1033 1201 at
1051 1134 1191 1222 Neapoli
1214 1135 1279 1200 fre·

215 1249 455 1335 quentissimos.
487 1249 621 1314 Dicitur
644 1249 685 1314 de
716 1249 842 1316 Safinio
866 1252 949 1337 (cap.
977 1251 1033 1334 44)
1064 1252 1191 1338 “piper
1213 1274 1279 1317 non

95 1371 97 1376 “
215 1365 353 1452 homo,
392 1373 424 1431 et
446 1363 626 1430 hodiedum
648 1366 774 1451 pariter
804 1367 860 1453 qui
891 1369 1082 1451 sagacitate,
1106 1366 1280 1435 alacritate

216 1489 250 1546 et
266 1481 416 1546 acumine
439 1479 539 1565 valet,
555 1489 644 1547 totus
659 1503 731 1547 esse
747 1482 842 1568 piper
856 1485 885 1565 (ὲ
908 1489 990 1549 tatto
1001 1486 1097 1571 pope)
1114 1483 1281 1552 laudatur.

216 1595 352 1680 Contra,
364 1598 421 1684 qui
445 1618 554 1662 crassa
569 1598 721 1662 minerva
737 1606 796 1680 est,
812 1620 872 1662 nee
887 1599 1031 1685 assurgit
1045 1619 1204 1686 unquam,
1221 1624 1282 1666 nec

200 1695 395 1796 incalescit,
419 1713 447 1778 is
462 1712 561 1796 vulgo
579 1736 648 1778 esse
664 1723 772 1780 terrae
795 1712 892 1779 tuber
908 1737 989 1779 voce
1004 1725 1159 1803 corrupta
1174 1719 1280 1800 (tara-

213 1819 336 1914 tufolo)
361 1829 588 1911 insimulatur,
606 1851 667 1894 nec
683 1851 775 1894 secus
791 1829 879 1915 apud
895 1831 1087 1897 Petronium
1111 1835 1195 1919 (cap.
1224 1831 1281 1917 58)

216 1943 321 2009 Giton
337 1968 357 2011 a
373 1943 543 2011 colliberto
560 1945 818 2012 Trimalchionis
846 1947 860 1983 “
878 1957 986 2013 terrae
1009 1947 1107 2014 tuber
1125 1999 1141 2035 „
1168 1949 1281 2015 tradu-

212 2062 311 2126 citur.
334 2053 510 2126 Praeterea
526 2070 575 2126 est
598 2063 647 2126 uti
671 2061 807 2128 Arbiter
837 2063 976 2128 dialecto
999 2086 1132 2150 prorsus
1160 2087 1278 2151 neapo·

212 2177 320 2268 litana
349 2178 513 2243 decurrat.
544 2176 802 2243 “Manuoiolum
830 2178 870 2244 de
901 2183 1090 2246 stramentis
1116 2181 1276 2269 factum,

213 2294 386 2359 invenitur
402 2281 439 2358 in
453 2293 706 2359 Trimalchionis
722 2297 912 2361 narratione
928 2299 1013 2384 (cap.
1026 2297 1093 2376 63).
1107 2297 1281 2384 Perreptet

214 2409 344 2497 aliquis
365 2420 526 2496 quantum
556 2419 663 2512 potest
685 2411 820 2476 Latium
844 2433 973 2476 sursum
1003 2413 1168 2498 deorsum,
1190 2424 1279 2480 certe

213 2525 333 2592 nullibi
356 2527 553 2593 vocabulum
570 2525 652 2591 illud
675 2520 897 2593 manuciolum
921 2552 980 2615 pro
1005 2529 1172 2615 manipulo
1189 2533 1280 2617 expi-

213 2642 371 2719 scabitur.
396 2644 444 2708 At
466 2645 494 2708 si
521 2627 694 2728 Neapolim
716 2643 870 2729 divertet,
894 2648 1004 2711 statim
1036 2647 1208 2731 intelliget,
1232 2646 1280 2712 ibi

212 2759 321 2826 adhuc
347 2762 577 2848 petronianum
608 2757 829 2828 manuciolum
855 2762 1054 2846 (monacale)
1083 2763 1201 2830 leviter
1224 2763 1280 2828 de·

213 2875 338 2944 flexum
354 2878 430 2944 usui
454 2899 533 2942 esse.

259 2995 337 3060 Post
358 2993 440 3060 haec
463 2996 517 3058 vir
540 2996 691 3080 egregius
723 3004 792 3061 tam
819 2995 995 3082 diligentes
1017 2998 1279 3084 comparationes

212 3110 303 3176 haud
317 3121 498 3197 opportune
515 3112 712 3199 interpellat.
730 3114 899 3181 Sermonis
914 3089 1102 3200 petroniani
1118 3113 1280 3202 reliquiae

212 3248 281 3292 non
307 3227 402 3293 modo
429 3251 489 3316 per
515 3229 770 3316 neapolitanam,
798 3229 856 3294 sed
886 3213 1104 3316 exstant'per
1131 3253 1243 3296 omnes
1260 3255 1280 3296 a

212 3342 344 3429 vulgari
371 3344 537 3411 latinitate
572 3339 741 3412 emanatas
769 3345 946 3412 dialectos:
978 3368 1068 3413 nunc
1102 3357 1213 3413 autem
1243 3347 1278 3412 in
1382 3437 1384 3442 ι

213 3459 333 3527 harum
364 3461 494 3549 speculo
530 3461 618 3529 illius
646 3464 822 3548 imaginem
850 3465 1002 3530 invenire
1028 3464 1180 3532 conabor.
