3416 5306
441 419 478 475 32

440 549 520 608 idem
537 557 653 624 putant,
672 552 752 624 quod
770 553 807 608 ad
826 553 984 624 augustias
1003 554 1151 626 redactus,
1169 556 1281 612 nostris
1300 553 1386 614 matri.
1404 577 1422 612 a
1441 559 1504 618 cfr.

440 650 484 704 Le
501 649 617 708 Roman
627 650 663 706 de
681 651 712 706 la
730 669 810 707 rose:
824 671 841 705 c
854 652 996 709 Honteux
1010 659 1041 736 et
1053 660 1123 724 mat,
1138 653 1163 709 si
1176 672 1222 709 me
1234 672 1340 726 repens
1359 675 1376 709 e
1388 655 1503 729 Exque

440 753 553 805 mettus
571 748 650 806 forte
668 748 732 805 ital.
750 753 844 806 matio
864 768 880 805 e
898 755 1046 808 matiana.

477 901 603 958 maxillae
623 899 691 974 (44).
710 895 836 957 Maxilla
850 907 896 956 est
909 919 994 972 gene.
1007 902 1095 974 Apud
1106 901 1180 958 Plin.
1194 903 1349 960 x13760:«
1364 905 1506 961 Maxillas

441 998 609 1055 crocodilus
635 1004 752 1053 tantum
772 1000 940 1071 superiores
958 1007 1067 1070 movet,
1087 1021 1104 1054 ›>
1117 1008 1153 1056 ct
1172 992 1304 1073 passim;
1320 1003 1398 1074 apud
1422 1005 1506 1061 Suet.

440 1095 504 1152 Tib.
523 1111 589 1152 xxI:
608 1117 626 1150 ι
644 1103 707 1152 tam
724 1096 815 1152 lentis
838 1097 969 1154 maxillis
990 1100 1054 1154 erit.
1073 1119 1091 1152 ›>
1109 1099 1168 1160 Ofr.
1187 1099 1250 1154 ital.
1264 1103 1412 1169 messella,
1431 1102 1505 1172 gall.

440 1195 521 1251 arch.
538 1197 675 1251 messella
693 1201 724 1250 61
742 1197 881 1252 asciscite.
903 1195 951 1266 (Iu
963 1197 1078 1252 Roman
1091 1198 1127 1253 de
1147 1198 1176 1252 la
1189 1215 1296 1269 guerre
1319 1199 1355 1255 de
1376 1199 1501 1272 Troyes:

439 1312 457 1346 «
475 1293 511 1351 de
531 1288 585 1350 s‘on
603 1293 681 1349 frere
701 1293 760 1349 sait
778 1294 808 1348 la
825 1295 965 1351 nouvelle
982 1314 1036 1368 por
1055 1314 1088 1353 ce
1108 1314 1140 1352 se
1159 1297 1259 1353 moille
1284 1315 1318 1353 sa
1340 1300 1504 1374 messelle).

476 1447 577 1503 tientes
598 1445 665 1519 (58).
684 1449 816 1503 Naeuius
835 1463 903 1501 cum
922 1445 1505 1517 86116116ιό61Η616616166111ιιο.ιρυ66

438 1561 498 1600 vox
517 1545 621 1600 eadem
639 1545 855 1601 contumeliosa
865 1544 1082 1617 significatione
1096 1564 1185 1620 saepe
1200 1548 1329 1603 occurrit
1347 1549 1378 1603 in
1392 1549 1504 1621 satiris

438 1650 473 1697 ut
491 1660 553 1714 cap.
572 1642 621 1698 46:
640 1662 657 1696 c<
675 1642 791 1698 invenit
809 1650 910 1712 tamen
927 1644 1002 1700 alias
1015 1645 1146 1714 naenias,
1165 1664 1184 1698 a
1203 1653 1232 1700 et
1252 1665 1313 1717 cap.
1325 1647 1375 1702 47:
1395 1666 1413 1701 ‹
1431 1647 1503 1719 gal-

436 1740 500 1795 lum
519 1741 598 1797 enirn
615 1741 822 1813 gallinaceum,
841 1742 1030 1814 penthiacum
1051 1749 1082 1799 et
1100 1743 1246 1799 eiusmodi
1264 1744 1387 1800 naenias
1397 1745 1507 1801 rustici

438 1836 561 1895 faciunt.
580 1858 599 1893 o
616 1839 725 1918 Nugas¹
738 1839 890 1913 intellego.

476 1993 607 2048 1161116116
627 1991 694 2064 (36).
719 1991 913 2063 Methodium‚
931 2010 1039 2064 graeca
1056 2010 1129 2050 vox:
1150 1994 1285 2066 μεθόδιον,
1303 1983 1381 2050 idem
1402 2013 1437 2050 ac
1456 1997 1507 2052 lu-

438 2087 588 2145 dificatio:
618 2088 737 2178 =ridetur
767 2107 863 2162 genus
894 2091 1042 2163 quoddam
1075 2090 1286 2148 ludificationis
1316 2093 1347 2146 in
1378 2093 1502 2150 theatro

372 2197 394 2232 0
438 2185 542 2258 fuisse,
552 2187 632 2259 quod
639 2187 695 2243 sub
706 2187 825 2258 fabulae
838 2189 927 2244 finem
936 2189 974 2243 ad
987 2189 1179 2245 oblectandos
1189 2195 1373 2262 spectatores
1383 2191 1507 2247 adhibe-

323 2279 325 2286 ’
438 2285 537 2342 batur.
565 2285 612 2342 Sic
631 2286 710 2358 apud
729 2285 810 2342 Suet.
828 2306 846 2340 ‹<
865 2286 1003 2344 exodium
1020 2307 1038 2341 >
1056 2307 1110 2359 pro
1134 2288 1337 2344 ludificatione
1357 2289 1504 2344 theatrali

438 2383 598 2444 invenitur.
616 2385 656 2441 Et
673 2385 704 2440 in
721 2385 801 2441 notis
820 2385 927 2458 Tyron.
945 2405 972 2458 p.
994 2385 1046 2442 173
1058 2406 1075 2441 ς
1087 2385 1267 2442 methodis»
1284 2385 1362 2442 inter
1374 2385 1440 2443 ludi
1452 2405 1505 2458 ge-

439 2502 511 2579 nera
529 2490 729 2541 recensentur.

476 2639 606 2696 Miserius
627 2636 696 2710 (73).
717 2637 744 2692 A
762 2635 851 2691 mica:
871 2635 922 2708 qui
941 2635 1032 2692 micas
1046 2633 1189 2691 avaritiae
1202 2653 1308 2692 caussa
1322 2635 1436 2709 colligit
1448 2639 1502 2694 vel

437 2735 476 2793 iis
494 2736 580 2793 vivit.
607 2755 626 2791 c<
642 2735 734 2792 Fidus
753 2739 896 2807 tanquam
915 2735 1035 2807 quicum
1054 2733 1146 2790 etiam
1163 2734 1195 2789 in
1212 2734 1345 2790 tenebris
1372 2735 1465 2792 mices
1485 2756 1506 2791 ›>

437 2835 621 2892 Buechelero
639 2833 767 2890 videtur.
790 2833 879 2890 Hunc
903 2839 1003 2889 tamen
1027 2832 1142 2888 exitum
1168 2850 1321 2905 nunquam
1350 2832 1505 2892 derivato-

439 2951 506 2991 rum
524 2953 542 2990 a
560 2933 660 2992 verbis
688 2933 747 2990 imo
766 2951 784 2988 a
808 2931 1005 2990 substantivis
1031 2930 1245 3002 adiectivisque
1264 2947 1332 2988 esse
1349 2936 1453 2987 nostra
1470 2933 1506 2990 in

438 3032 646 3090 dissertatione
664 3031 840 3090 videbimus:
859 3036 894 3087 ut
912 3049 931 3087 a
949 3047 1036 3086 cruce
1055 3028 1224 3100 cruciarius,
1244 3047 1262 3084 a
1280 3027 1328 3085 die
1347 3029 1470 3102 diarius,
1485 3049 1506 3087 a

439 3132 559 3188 oraculo
578 3130 772 3202 oracularius,
789 3130 834 3186 ita
852 3147 870 3185 a
887 3129 965 3184 mica
982 3126 1135 3184 micetius.
1160 3176 1162 3180 ,
1222 3201 1225 3205 .

474 3285 613 3344 minutalia
632 3283 700 3360 (47).
718 3283 779 3340 Res
797 3283 924 3340 frivolae
942 3287 973 3339 61
990 3281 1103 3338 inanes.
1121 3279 1222 3336 Etiam
1243 3279 1395 3337 invenitur
1418 3281 1502 3355 apud

439 3382 665 3456 Tertullianum,
685 3382 721 3440 de
739 3382 832 3438 habit.
851 3382 921 3438 mul.
940 3382 1001 3436 16:
1021 3399 1039 3433 ‹
1058 3384 1087 3434 et
1101 3379 1231 3434 calculos
1253 3378 1389 3435 eiusdem
1403 3385 1504 3440 terrae

438 3481 593 3539 minutalia
611 3502 629 3537 e
647 3488 679 3540 et
697 3481 776 3555 apud
794 3479 965 3553 Hieronym.
983 3495 1094 3553 proem.
1113 3477 1200 3550 epist.
1214 3477 1252 3532 ed
1264 3476 1370 3550 Ephes.
1385 3498 1403 3533 6
1416 3483 1505 3536 taceo

439 3581 476 3638 de
495 3581 603 3638 ceteris
621 3580 826 3636 minutalibus.
845 3598 863 3634 »
1414 3569 1419 3582 ”

472 3717 648 3794 111866116166
668 3711 735 3805 (10).
754 3731 845 3788 Varia
873 3731 1041 3803 promiscue
1070 3733 1102 3784 et
1129 3727 1193 3784 sine
1221 3727 1333 3800 ordine,
1360 3732 1395 3783 ut
1422 3728 1506 3800 apud

438 3833 514 3892 (1611.
532 3853 551 3888 c
568 3831 760 3890 miscellanea
778 3835 809 3886 et
827 3829 953 3886 confusa
970 3827 1115 3884 doctrina.
1134 3846 1152 3881 ›

362 3976 368 3984 ’
473 3987 570 4045 urscia
588 3983 657 4058 (45).
675 3982 724 4039 sa
741 3988 777 4039 ue
794 3978 939 4038 misam
958 3978 1037 4052 apuu
1054 3977 1178 4034 nestum
1196 3976 1284 4032 Pam
1301 3994 1329 4049 p.
1349 3977 1402 4032 123
1419 3975 1504 4035 vue-

436 4092 487 4141 tur
505 4084 648 4142 Antonio:
667 4081 817 4140 hominem
834 4080 976 4151 intellego
995 4077 1047 4151 qui
1064 4094 1123 4132 non
1142 4079 1241 4131 certae
1259 4073 1434 4146 sententiae,
1449 4062 1505 4132 sed
1565 4127 1571 4138 ,

437 4183 514 4242 varii
533 4183 680 4257 mixtique
696 4180 800 4240 iudicii
818 4185 873 4237 est.
