3416 5306
1243 393 1278 452 55

222 532 290 598 ital.
316 531 405 614 tatto,
421 527 497 616 gell.
521 529 595 610 leit,
619 529 704 618 hisp.
722 527 825 613 leete;
848 528 916 595 ital.
934 509 1109 618 depellente,
1124 526 1202 613 gall.
1224 550 1280 598 ea·

221 647 345 732 eolleat,
368 647 452 733 hisp.
488 645 666 729 recolerem
701 644 769 712 ital.
806 665 938 732 sosque.
963 644 1019 712 Sie
1045 645 1146 711 etiam
1172 645 1281 711 correi·

221 784 302 830 vare
324 763 406 830 soles
422 762 492 830 ital.
510 762 597 829 reoli
617 763 795 843 convitare,
818 741 902 848 hisp.
926 761 1006 828 soles
1026 761 1204 849 cassidum
1225 761 1282 827 do·

222 891 324 962 mata,
349 880 418 946 ital.
443 879 587 963 domata,
610 878 692 966 hisp.
713 878 856 945 domado
873 888 1015 945 exstant.
1032 878 1082 945 Ae
1097 879 1213 946 eadem
1230 902 1282 946 ra·

223 996 311 1060 tione
328 995 363 1059 in
375 995 487 1060 satiris
503 1018 564 1061 sea
588 996 779 1080 oetirspeado
796 995 951 1082 possidet,
975 997 1157 1062 sestertium
1185 1018 1283 1062 suum

221 1110 304 1176 vidit
327 1109 451 1177 dieitur
474 1132 582 1200 quaa
611 1111 716 1179 Gallis
742 1110 911 1178 hodiernis
934 1113 1167 1199 possessivum,
1190 1111 1282 1180 velut

222 1226 441 1316 pleonasmus,
458 1227 646 1295 adhibetur.

265 1345 344 1412 Post
359 1351 408 1410 tot
429 1345 661 1431 praefationes,
685 1343 840 1411 lectiones
866 1352 900 1410 et
927 1343 1182 1431 dissertationes,
1205 1345 1279 1434 qui·

221 1459 283 1525 bus
294 1460 359 1524 viri
372 1459 494 1526 eruditi
506 1463 698 1527 Petronium
709 1462 845 1548 eiusque
861 1463 979 1527 satiras
995 1471 1153 1530 excutere
1169 1464 1281 1528 eonati

221 1587 307 1660 sunt,
331 1567 473 1662 vacuum
500 1588 533 1644 et
547 1578 608 1643 vix
631 1580 780 1665 ineptum
801 1577 909 1648 videri
933 1581 1093 1666 potuisset
1108 1587 1151 1665 te,
1175 1578 1280 1646 amieo

219 1693 332 1779 lector,
348 1695 410 1760 hae
432 1717 518 1760 nova
541 1693 773 1761 dissertatione
800 1695 931 1760 morari.
960 1695 1134 1779 Quaedam
1169 1703 1280 1762 autem

219 1810 463 1897 praemonenda
480 1810 581 1914 duxi,
608 1810 729 1897 quibus
757 1820 790 1876 et
812 1833 917 1876 meam
942 1810 982 1877 de
1011 1812 1189 1878 satirarum
1212 1833 1280 1876 ser-

218 1951 316 1994 mone
339 1928 535 1994 sentontiam
560 1938 592 1994 et
613 1930 773 1993 rationem
790 1950 887 2016 quam
905 1930 939 1993 in
955 1950 1026 1994 meo
1043 1927 1153 1997 indice
1168 1927 1280 2011 habui,

217 2046 393 2130 aperirem.
415 2045 603 2110 Hodiernae
631 2043 757 2111 auxilio
778 2043 975 2130 philologiae
995 2068 1061 2110 non
1086 2044 1177 2112 nulla
1196 2065 1280 2132 quae

218 2159 324 2226 dubia
339 2159 393 2226 vel
409 2159 547 2226 obseura
562 2150 772 2244 videbantur,
789 2183 848 2246 ego
872 2160 1054 2245 illustravi,
1078 2160 1147 2247 alii,
1164 2159 1279 2226 eadem
1402 2214 1411 2226 .

216 2275 385 2360 methodo,
401 2277 527 2342 maiora
540 2275 706 2362 detegent.

278 2503 281 2510 ·
396 2469 565 2530 Scribebam
583 2471 696 2528 Romae
714 2489 816 2528 mense
834 2471 913 2528 Iunii
930 2469 1242 2540 muccouxxxyu.
